
  <marc:record>
    <marc:leader>00000ndm a2200000 u 4500</marc:leader>
    <marc:controlfield tag="001">201004985</marc:controlfield>
    <marc:controlfield tag="003">DE-633</marc:controlfield>
    <marc:controlfield tag="005">20230611025513.0</marc:controlfield>
    <marc:datafield ind1=" " ind2=" " tag="031">
      <marc:subfield code="a">1</marc:subfield>
      <marc:subfield code="b">1</marc:subfield>
      <marc:subfield code="c">1</marc:subfield>
      <marc:subfield code="d">Affettuoso</marc:subfield>
      <marc:subfield code="g">C-1</marc:subfield>
      <marc:subfield code="m">S coro</marc:subfield>
      <marc:subfield code="n">bBE</marc:subfield>
      <marc:subfield code="o">c/</marc:subfield>
      <marc:subfield code="p">2''D+4D'B/GG-''E+/E2D4C+/C'nB''CC+/C{8'BA}q4''C2'B/A-/</marc:subfield>
      <marc:subfield code="r">g</marc:subfield>
      <marc:subfield code="t">Stabat mater, dolorosa juxta crucem lacrimosa</marc:subfield>
      <marc:subfield code="2">pe</marc:subfield>
    </marc:datafield>
    <marc:datafield ind1=" " ind2=" " tag="031">
      <marc:subfield code="a">1</marc:subfield>
      <marc:subfield code="b">2</marc:subfield>
      <marc:subfield code="c">1</marc:subfield>
      <marc:subfield code="d">2.). Adagio</marc:subfield>
      <marc:subfield code="g">C-4</marc:subfield>
      <marc:subfield code="m">T solo</marc:subfield>
      <marc:subfield code="n">bB</marc:subfield>
      <marc:subfield code="o">3/4</marc:subfield>
      <marc:subfield code="p">4-,A{8'FD}/4DxC-/-DC/{8C,B}4B-/</marc:subfield>
      <marc:subfield code="r">d</marc:subfield>
      <marc:subfield code="t">O quam tristis et afflicta</marc:subfield>
      <marc:subfield code="z">Solo: S, A, T, B</marc:subfield>
      <marc:subfield code="2">pe</marc:subfield>
    </marc:datafield>
    <marc:datafield ind1=" " ind2=" " tag="031">
      <marc:subfield code="a">1</marc:subfield>
      <marc:subfield code="b">3</marc:subfield>
      <marc:subfield code="c">1</marc:subfield>
      <marc:subfield code="d">Andante</marc:subfield>
      <marc:subfield code="g">C-3</marc:subfield>
      <marc:subfield code="m">A solo</marc:subfield>
      <marc:subfield code="n">bB</marc:subfield>
      <marc:subfield code="o">c</marc:subfield>
      <marc:subfield code="p">4-8'FFFEEA/AFAA4A{8BA}/4-{8bAG}4-{8bGF}/{6FEFE}4FE8EE/</marc:subfield>
      <marc:subfield code="r">d</marc:subfield>
      <marc:subfield code="t">Quis est homo qui non fleret</marc:subfield>
      <marc:subfield code="z">Solo: S, A, T, B</marc:subfield>
      <marc:subfield code="2">pe</marc:subfield>
    </marc:datafield>
    <marc:datafield ind1=" " ind2=" " tag="031">
      <marc:subfield code="a">1</marc:subfield>
      <marc:subfield code="b">4</marc:subfield>
      <marc:subfield code="c">1</marc:subfield>
      <marc:subfield code="d">4.). Andante</marc:subfield>
      <marc:subfield code="g">F-4</marc:subfield>
      <marc:subfield code="m">B coro</marc:subfield>
      <marc:subfield code="n">bBE</marc:subfield>
      <marc:subfield code="o">c</marc:subfield>
      <marc:subfield code="p">4.,G8DEnE-E/FxF</marc:subfield>
      <marc:subfield code="r">g</marc:subfield>
      <marc:subfield code="t">Pro peccatis suae gentis, vidit Jesum in tormentis</marc:subfield>
      <marc:subfield code="z">Coro</marc:subfield>
      <marc:subfield code="2">pe</marc:subfield>
    </marc:datafield>
    <marc:datafield ind1=" " ind2=" " tag="031">
      <marc:subfield code="a">1</marc:subfield>
      <marc:subfield code="b">5</marc:subfield>
      <marc:subfield code="c">1</marc:subfield>
      <marc:subfield code="d">Adagio</marc:subfield>
      <marc:subfield code="g">C-1</marc:subfield>
      <marc:subfield code="m">S coro</marc:subfield>
      <marc:subfield code="n">bBEA</marc:subfield>
      <marc:subfield code="o">c/</marc:subfield>
      <marc:subfield code="p">4.8''CC{8C'B}4B/{8B''C}{CbD}2D+/4D{8C'B}BA4-/</marc:subfield>
      <marc:subfield code="r">c</marc:subfield>
      <marc:subfield code="t">Vidit suum dulcem natum</marc:subfield>
      <marc:subfield code="z">Coro</marc:subfield>
      <marc:subfield code="2">pe</marc:subfield>
    </marc:datafield>
    <marc:datafield ind1=" " ind2=" " tag="031">
      <marc:subfield code="a">1</marc:subfield>
      <marc:subfield code="b">6</marc:subfield>
      <marc:subfield code="c">1</marc:subfield>
      <marc:subfield code="d">6.). Un poco adagio</marc:subfield>
      <marc:subfield code="g">C-3</marc:subfield>
      <marc:subfield code="m">A solo</marc:subfield>
      <marc:subfield code="n">bBEA</marc:subfield>
      <marc:subfield code="o">3/4</marc:subfield>
      <marc:subfield code="p">4-'GG/AG-/2F4F/FE-/2F4E/ED-/</marc:subfield>
      <marc:subfield code="q">Further time signature(s): c</marc:subfield>
      <marc:subfield code="r">E|b; c</marc:subfield>
      <marc:subfield code="t">Eia mater fons amoris</marc:subfield>
      <marc:subfield code="z">Solo: S, A, T, B</marc:subfield>
      <marc:subfield code="2">pe</marc:subfield>
    </marc:datafield>
    <marc:datafield ind1=" " ind2=" " tag="031">
      <marc:subfield code="a">1</marc:subfield>
      <marc:subfield code="b">6</marc:subfield>
      <marc:subfield code="c">2</marc:subfield>
      <marc:subfield code="g">C-1</marc:subfield>
      <marc:subfield code="m">S solo</marc:subfield>
      <marc:subfield code="n">bBEA</marc:subfield>
      <marc:subfield code="o">3/4</marc:subfield>
      <marc:subfield code="p">4-''E'B/''C'B''E+/E{8DC}{'BA}/4AG</marc:subfield>
      <marc:subfield code="r">E|b</marc:subfield>
      <marc:subfield code="t">Eia mater fons amoris</marc:subfield>
      <marc:subfield code="z">Solo: S, A, T, B</marc:subfield>
      <marc:subfield code="2">pe</marc:subfield>
    </marc:datafield>
    <marc:datafield ind1=" " ind2=" " tag="031">
      <marc:subfield code="a">1</marc:subfield>
      <marc:subfield code="b">7</marc:subfield>
      <marc:subfield code="c">1</marc:subfield>
      <marc:subfield code="d">7.). Larghetto</marc:subfield>
      <marc:subfield code="g">C-1</marc:subfield>
      <marc:subfield code="m">S coro</marc:subfield>
      <marc:subfield code="n">bBEAD</marc:subfield>
      <marc:subfield code="o">3/2</marc:subfield>
      <marc:subfield code="p">2'FAB/1''C2'B/1.A/2G--/-4''CF2F/</marc:subfield>
      <marc:subfield code="r">f</marc:subfield>
      <marc:subfield code="t">Fac me tecum pie flere</marc:subfield>
      <marc:subfield code="z">Coro</marc:subfield>
      <marc:subfield code="2">pe</marc:subfield>
    </marc:datafield>
    <marc:datafield ind1=" " ind2=" " tag="031">
      <marc:subfield code="a">1</marc:subfield>
      <marc:subfield code="b">8</marc:subfield>
      <marc:subfield code="c">1</marc:subfield>
      <marc:subfield code="d">8.) Quartetto. Lento</marc:subfield>
      <marc:subfield code="g">C-3</marc:subfield>
      <marc:subfield code="m">A solo</marc:subfield>
      <marc:subfield code="n">bBEA</marc:subfield>
      <marc:subfield code="o">c</marc:subfield>
      <marc:subfield code="p">=2/8'CE4G+8G{6FnE}4F+/8F{6ED}{8E6FG}{AGFE}{DE}q6G{6F3ED}/8EC</marc:subfield>
      <marc:subfield code="r">c</marc:subfield>
      <marc:subfield code="t">Virgo virginum praeclara, mihi jam non sis amara</marc:subfield>
      <marc:subfield code="z">Solo: S, A, T, B</marc:subfield>
      <marc:subfield code="2">pe</marc:subfield>
    </marc:datafield>
    <marc:datafield ind1=" " ind2=" " tag="031">
      <marc:subfield code="a">1</marc:subfield>
      <marc:subfield code="b">9</marc:subfield>
      <marc:subfield code="c">1</marc:subfield>
      <marc:subfield code="d">9.). Andante</marc:subfield>
      <marc:subfield code="g">C-1</marc:subfield>
      <marc:subfield code="m">S coro</marc:subfield>
      <marc:subfield code="n">bBE</marc:subfield>
      <marc:subfield code="o">c</marc:subfield>
      <marc:subfield code="p">2-4''FC/8EEFC4DD/4.8'BB2bA/4G''8C</marc:subfield>
      <marc:subfield code="r">g</marc:subfield>
      <marc:subfield code="t">Christe cum sit hinc exire</marc:subfield>
      <marc:subfield code="2">pe</marc:subfield>
    </marc:datafield>
    <marc:datafield ind1=" " ind2=" " tag="040">
      <marc:subfield code="a">DE-633</marc:subfield>
    </marc:datafield>
    <marc:datafield ind1=" " ind2=" " tag="041">
      <marc:subfield code="a">lat</marc:subfield>
    </marc:datafield>
    <marc:datafield ind1="1" ind2=" " tag="100">
      <marc:subfield code="a">Tůma, František Ignác</marc:subfield>
      <marc:subfield code="d">1704-1774</marc:subfield>
      <marc:subfield code="j">Ascertained</marc:subfield>
      <marc:subfield code="0">30003182</marc:subfield>
    </marc:datafield>
    <marc:datafield ind1="1" ind2="0" tag="240">
      <marc:subfield code="a">Stabat mater</marc:subfield>
      <marc:subfield code="m">V (4), Coro, org</marc:subfield>
      <marc:subfield code="n">VogT 8.2</marc:subfield>
      <marc:subfield code="0">3900847</marc:subfield>
    </marc:datafield>
    <marc:datafield ind1="1" ind2="0" tag="245">
      <marc:subfield code="a">[caption title:] Stabat mater [indication of part] di Tuma.</marc:subfield>
    </marc:datafield>
    <marc:datafield ind1=" " ind2=" " tag="260">
      <marc:subfield code="c">1825-1849 (19.2q)</marc:subfield>
      <marc:subfield code="8">01</marc:subfield>
    </marc:datafield>
    <marc:datafield ind1=" " ind2=" " tag="260">
      <marc:subfield code="c">1825-1849</marc:subfield>
      <marc:subfield code="8">02</marc:subfield>
    </marc:datafield>
    <marc:datafield ind1=" " ind2=" " tag="300">
      <marc:subfield code="a">1 parts</marc:subfield>
      <marc:subfield code="c">31 x 23,5 cm</marc:subfield>
      <marc:subfield code="8">01</marc:subfield>
    </marc:datafield>
    <marc:datafield ind1=" " ind2=" " tag="300">
      <marc:subfield code="a">3 parts</marc:subfield>
      <marc:subfield code="c">32,5 (32) x 24 cm</marc:subfield>
      <marc:subfield code="8">02</marc:subfield>
    </marc:datafield>
    <marc:datafield ind1=" " ind2=" " tag="500">
      <marc:subfield code="a">Besetzung ermittelt nach der handschriftlichen Partitur von der Hand Johann Adam Hillers in D Dl Mus.2968-D-5</marc:subfield>
    </marc:datafield>
    <marc:datafield ind1=" " ind2=" " tag="500">
      <marc:subfield code="a">Incipit 1.6.2 nach der Dresdner Partitur</marc:subfield>
    </marc:datafield>
    <marc:datafield ind1=" " ind2=" " tag="500">
      <marc:subfield code="a">Alle Stimmen mit dem Stempel der Leipziger Singacademie, die vermutlich älteren Stimmen mit der alten Nummer</marc:subfield>
    </marc:datafield>
    <marc:datafield ind1=" " ind2=" " tag="500">
      <marc:subfield code="a">S solo and org are missing</marc:subfield>
      <marc:subfield code="8">02</marc:subfield>
    </marc:datafield>
    <marc:datafield ind1=" " ind2=" " tag="500">
      <marc:subfield code="a">Comment on scoring: bc: org</marc:subfield>
    </marc:datafield>
    <marc:datafield ind1=" " ind2=" " tag="561">
      <marc:subfield code="a">Leipziger Singacademie, Leipzig</marc:subfield>
    </marc:datafield>
    <marc:datafield ind1=" " ind2=" " tag="590">
      <marc:subfield code="a">S coro, Solo and coro: A, T, B</marc:subfield>
      <marc:subfield code="b">2f., 3, 3, 3f.</marc:subfield>
      <marc:subfield code="8">01</marc:subfield>
    </marc:datafield>
    <marc:datafield ind1=" " ind2=" " tag="590">
      <marc:subfield code="a">Solo and coro: A, T, B</marc:subfield>
      <marc:subfield code="b">3, 3, 3f.</marc:subfield>
      <marc:subfield code="8">02</marc:subfield>
    </marc:datafield>
    <marc:datafield ind1=" " ind2=" " tag="593">
      <marc:subfield code="a">Manuscript copy</marc:subfield>
      <marc:subfield code="b">Notated music</marc:subfield>
      <marc:subfield code="8">01</marc:subfield>
    </marc:datafield>
    <marc:datafield ind1=" " ind2=" " tag="593">
      <marc:subfield code="a">Manuscript copy</marc:subfield>
      <marc:subfield code="b">Notated music</marc:subfield>
      <marc:subfield code="8">02</marc:subfield>
    </marc:datafield>
    <marc:datafield ind1=" " ind2=" " tag="594">
      <marc:subfield code="b">S</marc:subfield>
      <marc:subfield code="c">1</marc:subfield>
    </marc:datafield>
    <marc:datafield ind1=" " ind2=" " tag="594">
      <marc:subfield code="b">A</marc:subfield>
      <marc:subfield code="c">1</marc:subfield>
    </marc:datafield>
    <marc:datafield ind1=" " ind2=" " tag="594">
      <marc:subfield code="b">T</marc:subfield>
      <marc:subfield code="c">1</marc:subfield>
    </marc:datafield>
    <marc:datafield ind1=" " ind2=" " tag="594">
      <marc:subfield code="b">B</marc:subfield>
      <marc:subfield code="c">1</marc:subfield>
    </marc:datafield>
    <marc:datafield ind1=" " ind2=" " tag="594">
      <marc:subfield code="b">Coro S</marc:subfield>
      <marc:subfield code="c">1</marc:subfield>
    </marc:datafield>
    <marc:datafield ind1=" " ind2=" " tag="594">
      <marc:subfield code="b">Coro A</marc:subfield>
      <marc:subfield code="c">1</marc:subfield>
    </marc:datafield>
    <marc:datafield ind1=" " ind2=" " tag="594">
      <marc:subfield code="b">Coro T</marc:subfield>
      <marc:subfield code="c">1</marc:subfield>
    </marc:datafield>
    <marc:datafield ind1=" " ind2=" " tag="594">
      <marc:subfield code="b">Coro B</marc:subfield>
      <marc:subfield code="c">1</marc:subfield>
    </marc:datafield>
    <marc:datafield ind1=" " ind2=" " tag="594">
      <marc:subfield code="b">org</marc:subfield>
      <marc:subfield code="c">1</marc:subfield>
    </marc:datafield>
    <marc:datafield ind1=" " ind2=" " tag="594">
      <marc:subfield code="a">S, A, T, B, Coro S, Coro A, Coro T, Coro B, org</marc:subfield>
    </marc:datafield>
    <marc:datafield ind1=" " ind2=" " tag="599">
      <marc:subfield code="b">full</marc:subfield>
    </marc:datafield>
    <marc:datafield ind1="0" ind2="0" tag="650">
      <marc:subfield code="a">Sequences</marc:subfield>
      <marc:subfield code="0">25249</marc:subfield>
    </marc:datafield>
    <marc:datafield ind1=" " ind2=" " tag="690">
      <marc:subfield code="a">VogT</marc:subfield>
      <marc:subfield code="n">8.2</marc:subfield>
      <marc:subfield code="0">303</marc:subfield>
    </marc:datafield>
    <marc:datafield ind1="1" ind2=" " tag="710">
      <marc:subfield code="a">Leipziger Singacademie</marc:subfield>
      <marc:subfield code="c">Leipzig</marc:subfield>
      <marc:subfield code="0">30008729</marc:subfield>
      <marc:subfield code="4">fmo</marc:subfield>
    </marc:datafield>
    <marc:datafield ind1=" " ind2=" " tag="852">
      <marc:subfield code="a">D-LEm</marc:subfield>
      <marc:subfield code="c">PM 7189</marc:subfield>
      <marc:subfield code="d">No 312</marc:subfield>
      <marc:subfield code="e">Leipziger Stadtbibliothek - Musikbibliothek</marc:subfield>
      <marc:subfield code="x">30000053</marc:subfield>
    </marc:datafield>
  </marc:record>