
  <marc:record>
    <marc:leader>00000ndm a2200000 u 4500</marc:leader>
    <marc:controlfield tag="001">212003084</marc:controlfield>
    <marc:controlfield tag="003">DE-633</marc:controlfield>
    <marc:controlfield tag="005">20240111082857.0</marc:controlfield>
    <marc:datafield ind1=" " ind2=" " tag="031">
      <marc:subfield code="a">1</marc:subfield>
      <marc:subfield code="b">1</marc:subfield>
      <marc:subfield code="c">1</marc:subfield>
      <marc:subfield code="d">Ad[agi]o</marc:subfield>
      <marc:subfield code="g">G-2</marc:subfield>
      <marc:subfield code="m">vl 1</marc:subfield>
      <marc:subfield code="n">bBE</marc:subfield>
      <marc:subfield code="o">c</marc:subfield>
      <marc:subfield code="p">{8.'G6bA}{6.G3nB6.''C3D}{8E'C}4Ct/{8.''E6F}{6.E3D6.E3F}{8G'E}4Et/{6''GGGG}{GGGG}{bAFC'bA}4F/</marc:subfield>
      <marc:subfield code="r">c</marc:subfield>
      <marc:subfield code="2">pe</marc:subfield>
    </marc:datafield>
    <marc:datafield ind1=" " ind2=" " tag="031">
      <marc:subfield code="a">1</marc:subfield>
      <marc:subfield code="b">2</marc:subfield>
      <marc:subfield code="c">1</marc:subfield>
      <marc:subfield code="d">Allabreve</marc:subfield>
      <marc:subfield code="g">G-2</marc:subfield>
      <marc:subfield code="m">vl 1</marc:subfield>
      <marc:subfield code="n">bBE</marc:subfield>
      <marc:subfield code="o">c/</marc:subfield>
      <marc:subfield code="p">=/2-''G+/4G4DDnE/FnE2F+/4F4CCD/ED2E/</marc:subfield>
      <marc:subfield code="r">c</marc:subfield>
      <marc:subfield code="2">pe</marc:subfield>
    </marc:datafield>
    <marc:datafield ind1=" " ind2=" " tag="031">
      <marc:subfield code="a">1</marc:subfield>
      <marc:subfield code="b">3</marc:subfield>
      <marc:subfield code="c">1</marc:subfield>
      <marc:subfield code="d">Ad[agi]o</marc:subfield>
      <marc:subfield code="g">G-2</marc:subfield>
      <marc:subfield code="m">vl 1</marc:subfield>
      <marc:subfield code="n">bBEA</marc:subfield>
      <marc:subfield code="o">c</marc:subfield>
      <marc:subfield code="p">{8''EE}{bD6C'nB}{8''CC+}{C6nDC}/{'nB''D8F+}{8.F3ED}{8EnEFG}/</marc:subfield>
      <marc:subfield code="r">c</marc:subfield>
      <marc:subfield code="2">pe</marc:subfield>
    </marc:datafield>
    <marc:datafield ind1=" " ind2=" " tag="040">
      <marc:subfield code="a">DE-633</marc:subfield>
    </marc:datafield>
    <marc:datafield ind1="1" ind2=" " tag="100">
      <marc:subfield code="a">Tůma, František Ignác</marc:subfield>
      <marc:subfield code="d">1704-1774</marc:subfield>
      <marc:subfield code="j">Ascertained</marc:subfield>
      <marc:subfield code="0">30003182</marc:subfield>
    </marc:datafield>
    <marc:datafield ind1="1" ind2="0" tag="240">
      <marc:subfield code="a">Sonatas</marc:subfield>
      <marc:subfield code="m">vl (2), bc</marc:subfield>
      <marc:subfield code="r">c</marc:subfield>
      <marc:subfield code="0">3900185</marc:subfield>
    </marc:datafield>
    <marc:datafield ind1="1" ind2="0" tag="245">
      <marc:subfield code="a">[without title]</marc:subfield>
    </marc:datafield>
    <marc:datafield ind1=" " ind2=" " tag="260">
      <marc:subfield code="c">1730-1755</marc:subfield>
      <marc:subfield code="8">01</marc:subfield>
    </marc:datafield>
    <marc:datafield ind1=" " ind2=" " tag="300">
      <marc:subfield code="a">3 parts</marc:subfield>
      <marc:subfield code="c">34 x 20,5 cm</marc:subfield>
      <marc:subfield code="8">01</marc:subfield>
    </marc:datafield>
    <marc:datafield ind1=" " ind2=" " tag="300">
      <marc:subfield code="a">13 parts</marc:subfield>
      <marc:subfield code="c">34,5 x 21 cm</marc:subfield>
      <marc:subfield code="8">02</marc:subfield>
    </marc:datafield>
    <marc:datafield ind1=" " ind2=" " tag="500">
      <marc:subfield code="a">Kapellarchiv-Umschlag unter Mus.2968-N-1.</marc:subfield>
      <marc:subfield code="8">01</marc:subfield>
    </marc:datafield>
    <marc:datafield ind1=" " ind2=" " tag="500">
      <marc:subfield code="a">Der dritte Satz (=viertaktiges Adagio) wurde von J.G. Pisendel in allen Stimmen ergänzt.</marc:subfield>
      <marc:subfield code="8">02</marc:subfield>
    </marc:datafield>
    <marc:datafield ind1=" " ind2=" " tag="500">
      <marc:subfield code="a">Partitur von Pisendel unter Mus.2968-N-1. Dort das viertaktige Adagio (Incipit 1.3.1) am Schluss mit Nadel dazugeheftet. Dabei handelt es sich nicht um den dritten Satz, sondern um eine kurze Alternative zum ersten Satz.</marc:subfield>
    </marc:datafield>
    <marc:datafield ind1=" " ind2=" " tag="500">
      <marc:subfield code="a">Auf der vl 1 Stimme oben rechts "P.[isendel]".</marc:subfield>
    </marc:datafield>
    <marc:datafield ind1=" " ind2=" " tag="500">
      <marc:subfield code="a">Die Größe der Besetzung und die Mitwrkung der Orgel lassen eine Verwendung in der Katholischen Hofkirche vermuten.</marc:subfield>
    </marc:datafield>
    <marc:datafield ind1=" " ind2=" " tag="500">
      <marc:subfield code="a">Für die org Stimme benutzte Pisendel offensichtlich älteres, bereits gebrauchtes Notenpapier. Auf der Rückseite sind eine Musette und ein Menuet notiert, beide Sätze wurden aber durchgestrichen.</marc:subfield>
    </marc:datafield>
    <marc:datafield ind1=" " ind2=" " tag="500">
      <marc:subfield code="a">Stimmen zum kompletten Werk (Adagio-Allabreve, Ballo, Menuet, Allegro) in A-Wgm, IX 29188. Edition in Musica Antiqua Bohemia, Bd. 69, Praha 1967</marc:subfield>
    </marc:datafield>
    <marc:datafield ind1=" " ind2=" " tag="500">
      <marc:subfield code="a">Die Handschrift gehört zu der nach dem ehemaligen Aufbewahrungsort als "Schrank II" bezeichneten Sammlung von Instrumentalwerken der Dresdner Hofkapelle, Informationen über diesen Bestand unter https://hofmusik.slub-dresden.de.</marc:subfield>
    </marc:datafield>
    <marc:datafield ind1=" " ind2=" " tag="561">
      <marc:subfield code="a">Königliche Privat-Musikaliensammlung, Dresden</marc:subfield>
    </marc:datafield>
    <marc:datafield ind1=" " ind2=" " tag="590">
      <marc:subfield code="a">vl 1, 2, org (=b.fig)</marc:subfield>
      <marc:subfield code="b">1, 1, 1f.</marc:subfield>
      <marc:subfield code="8">01</marc:subfield>
    </marc:datafield>
    <marc:datafield ind1=" " ind2=" " tag="590">
      <marc:subfield code="a">vl 1 (3x), vl 2 (3 x), b (7x)</marc:subfield>
      <marc:subfield code="b">1, 1, 1, 1, 1, 1, 1, 1, 1, 1, 1, 1, 1f.</marc:subfield>
      <marc:subfield code="8">02</marc:subfield>
    </marc:datafield>
    <marc:datafield ind1=" " ind2=" " tag="592">
      <marc:subfield code="a">W-Dl-002 Dresden | J G Schuchart [crowned coat of arms of electoral saxony in cartouche, parted per pale with electoral swords and crancelin, beneath "Dresden | J G Schuchart"]</marc:subfield>
      <marc:subfield code="8">01</marc:subfield>
    </marc:datafield>
    <marc:datafield ind1=" " ind2=" " tag="592">
      <marc:subfield code="a">[kursächsisches Wappen]</marc:subfield>
      <marc:subfield code="8">02</marc:subfield>
    </marc:datafield>
    <marc:datafield ind1=" " ind2=" " tag="593">
      <marc:subfield code="a">Manuscript copy</marc:subfield>
      <marc:subfield code="b">Notated music</marc:subfield>
      <marc:subfield code="8">01</marc:subfield>
    </marc:datafield>
    <marc:datafield ind1=" " ind2=" " tag="593">
      <marc:subfield code="a">Manuscript copy</marc:subfield>
      <marc:subfield code="b">Notated music</marc:subfield>
      <marc:subfield code="8">02</marc:subfield>
    </marc:datafield>
    <marc:datafield ind1=" " ind2=" " tag="594">
      <marc:subfield code="b">vl</marc:subfield>
      <marc:subfield code="c">2</marc:subfield>
    </marc:datafield>
    <marc:datafield ind1=" " ind2=" " tag="594">
      <marc:subfield code="b">bc</marc:subfield>
      <marc:subfield code="c">1</marc:subfield>
    </marc:datafield>
    <marc:datafield ind1=" " ind2=" " tag="594">
      <marc:subfield code="a">vl (2), bc</marc:subfield>
    </marc:datafield>
    <marc:datafield ind1=" " ind2=" " tag="599">
      <marc:subfield code="b">full</marc:subfield>
    </marc:datafield>
    <marc:datafield ind1="0" ind2="7" tag="650">
      <marc:subfield code="a">Trio sonatas</marc:subfield>
      <marc:subfield code="0">3901022</marc:subfield>
    </marc:datafield>
    <marc:datafield ind1="1" ind2=" " tag="700">
      <marc:subfield code="a">Pisendel, Johann Georg</marc:subfield>
      <marc:subfield code="d">1687-1755</marc:subfield>
      <marc:subfield code="j">Ascertained</marc:subfield>
      <marc:subfield code="0">361275</marc:subfield>
      <marc:subfield code="4">scr</marc:subfield>
      <marc:subfield code="8">01</marc:subfield>
    </marc:datafield>
    <marc:datafield ind1="1" ind2=" " tag="700">
      <marc:subfield code="a">Copyist M of Dresden court (Fechner)</marc:subfield>
      <marc:subfield code="d">18.sc</marc:subfield>
      <marc:subfield code="j">Ascertained</marc:subfield>
      <marc:subfield code="0">30084866</marc:subfield>
      <marc:subfield code="4">scr</marc:subfield>
      <marc:subfield code="8">02</marc:subfield>
    </marc:datafield>
    <marc:datafield ind1="1" ind2=" " tag="700">
      <marc:subfield code="a">Pisendel, Johann Georg</marc:subfield>
      <marc:subfield code="d">1687-1755</marc:subfield>
      <marc:subfield code="j">Ascertained</marc:subfield>
      <marc:subfield code="0">361275</marc:subfield>
      <marc:subfield code="4">oth</marc:subfield>
      <marc:subfield code="8">02</marc:subfield>
    </marc:datafield>
    <marc:datafield ind1="2" ind2=" " tag="710">
      <marc:subfield code="a">Königliche Privat-Musikaliensammlung</marc:subfield>
      <marc:subfield code="c">Dresden</marc:subfield>
      <marc:subfield code="g">Ascertained</marc:subfield>
      <marc:subfield code="0">30000738</marc:subfield>
      <marc:subfield code="4">fmo</marc:subfield>
    </marc:datafield>
    <marc:datafield ind1="0" ind2=" " tag="730">
      <marc:subfield code="a">Sonaten, Vl 1 2 Bc, c-Moll</marc:subfield>
      <marc:subfield code="g">RAK</marc:subfield>
      <marc:subfield code="0">3926878</marc:subfield>
    </marc:datafield>
    <marc:datafield ind1=" " ind2=" " tag="852">
      <marc:subfield code="a">D-Dl</marc:subfield>
      <marc:subfield code="c">Mus.2968-N-1a</marc:subfield>
      <marc:subfield code="d">Mus.c.Cx 1013</marc:subfield>
      <marc:subfield code="d">Schrank II/25/87</marc:subfield>
      <marc:subfield code="e">Sächsische Landesbibliothek - Staats- und Universitätsbibliothek (SLUB)</marc:subfield>
      <marc:subfield code="x">30000042</marc:subfield>
    </marc:datafield>
    <marc:datafield ind1=" " ind2=" " tag="856">
      <marc:subfield code="u">http://digital.slub-dresden.de/id323412327</marc:subfield>
      <marc:subfield code="x">Digitized</marc:subfield>
      <marc:subfield code="z">[digitized version] Digitalisat einer Musikhandschrift</marc:subfield>
    </marc:datafield>
    <marc:datafield ind1=" " ind2=" " tag="856">
      <marc:subfield code="u">https://iiif.slub-dresden.de/iiif/2/323412327/manifest.json</marc:subfield>
      <marc:subfield code="x">IIIF manifest (digitized source)</marc:subfield>
      <marc:subfield code="z">[digitized version] Digitalisat einer Musikhandschrift</marc:subfield>
    </marc:datafield>
    <marc:datafield ind1=" " ind2=" " tag="856">
      <marc:subfield code="u">https://hofmusik.slub-dresden.de</marc:subfield>
      <marc:subfield code="x">Other</marc:subfield>
      <marc:subfield code="z">Homepage zum DFG-Projekt "Instrumentalmusik der Dresdner Hofkapelle"</marc:subfield>
    </marc:datafield>
    <marc:datafield ind1=" " ind2=" " tag="980">
      <marc:subfield code="a">RISM</marc:subfield>
      <marc:subfield code="c">examined</marc:subfield>
    </marc:datafield>
  </marc:record>