
  <marc:record>
    <marc:leader>00000nda a2200000 u 4500</marc:leader>
    <marc:controlfield tag="001">310002147</marc:controlfield>
    <marc:controlfield tag="003">DE-633</marc:controlfield>
    <marc:controlfield tag="005">20221215114657.0</marc:controlfield>
    <marc:datafield ind1=" " ind2=" " tag="031">
      <marc:subfield code="a">1</marc:subfield>
      <marc:subfield code="b">1</marc:subfield>
      <marc:subfield code="c">1</marc:subfield>
      <marc:subfield code="g">C-1</marc:subfield>
      <marc:subfield code="m">S</marc:subfield>
      <marc:subfield code="n">bBE</marc:subfield>
      <marc:subfield code="o">c</marc:subfield>
      <marc:subfield code="p">2.''D4'B/GG-''E+/E2D4C+/C'nB''CC+/C{8'BA}2B/A-/</marc:subfield>
      <marc:subfield code="r">g</marc:subfield>
      <marc:subfield code="t">Stabat mater, dolorosa juxta crucem lacrimosa</marc:subfield>
      <marc:subfield code="2">pe</marc:subfield>
    </marc:datafield>
    <marc:datafield ind1=" " ind2=" " tag="040">
      <marc:subfield code="a">DE-633</marc:subfield>
    </marc:datafield>
    <marc:datafield ind1=" " ind2=" " tag="041">
      <marc:subfield code="a">lat</marc:subfield>
    </marc:datafield>
    <marc:datafield ind1="1" ind2=" " tag="100">
      <marc:subfield code="a">Tůma, František Ignác</marc:subfield>
      <marc:subfield code="d">1704-1774</marc:subfield>
      <marc:subfield code="j">Ascertained</marc:subfield>
      <marc:subfield code="0">30003182</marc:subfield>
    </marc:datafield>
    <marc:datafield ind1="1" ind2="0" tag="240">
      <marc:subfield code="a">Stabat mater</marc:subfield>
      <marc:subfield code="m">V (4), org</marc:subfield>
      <marc:subfield code="r">g</marc:subfield>
      <marc:subfield code="0">3900847</marc:subfield>
    </marc:datafield>
    <marc:datafield ind1="1" ind2="0" tag="245">
      <marc:subfield code="a">[title page:] Il pianto di Maria Madre dolorosa | a quattro voci composto | per clementissimo commando di S. M. T. e R. | Maria Teresa Imperatrice regnante | da Francesco Tuma Maestro di Cappella | della fu Maesta l'Imperatrice Elisabetta | di piisima memoria</marc:subfield>
    </marc:datafield>
    <marc:datafield ind1=" " ind2=" " tag="260">
      <marc:subfield code="c">1843-1858</marc:subfield>
      <marc:subfield code="8">01</marc:subfield>
    </marc:datafield>
    <marc:datafield ind1=" " ind2=" " tag="300">
      <marc:subfield code="a">score (vol.81): p.300-343</marc:subfield>
      <marc:subfield code="8">01</marc:subfield>
    </marc:datafield>
    <marc:datafield ind1=" " ind2=" " tag="500">
      <marc:subfield code="a">p.340-343 are blank.</marc:subfield>
    </marc:datafield>
    <marc:datafield ind1=" " ind2=" " tag="592">
      <marc:subfield code="a">FST</marc:subfield>
      <marc:subfield code="8">01</marc:subfield>
    </marc:datafield>
    <marc:datafield ind1=" " ind2=" " tag="593">
      <marc:subfield code="a">Manuscript copy</marc:subfield>
      <marc:subfield code="b">Notated music</marc:subfield>
      <marc:subfield code="8">01</marc:subfield>
    </marc:datafield>
    <marc:datafield ind1=" " ind2=" " tag="594">
      <marc:subfield code="b">S</marc:subfield>
      <marc:subfield code="c">1</marc:subfield>
    </marc:datafield>
    <marc:datafield ind1=" " ind2=" " tag="594">
      <marc:subfield code="b">A</marc:subfield>
      <marc:subfield code="c">1</marc:subfield>
    </marc:datafield>
    <marc:datafield ind1=" " ind2=" " tag="594">
      <marc:subfield code="b">T</marc:subfield>
      <marc:subfield code="c">1</marc:subfield>
    </marc:datafield>
    <marc:datafield ind1=" " ind2=" " tag="594">
      <marc:subfield code="b">B</marc:subfield>
      <marc:subfield code="c">1</marc:subfield>
    </marc:datafield>
    <marc:datafield ind1=" " ind2=" " tag="594">
      <marc:subfield code="b">org</marc:subfield>
      <marc:subfield code="c">1</marc:subfield>
    </marc:datafield>
    <marc:datafield ind1=" " ind2=" " tag="594">
      <marc:subfield code="a">S, A, T, B, org</marc:subfield>
    </marc:datafield>
    <marc:datafield ind1=" " ind2=" " tag="599">
      <marc:subfield code="b">full</marc:subfield>
    </marc:datafield>
    <marc:datafield ind1="0" ind2="0" tag="650">
      <marc:subfield code="a">Sequences</marc:subfield>
      <marc:subfield code="0">25249</marc:subfield>
    </marc:datafield>
    <marc:datafield ind1="1" ind2=" " tag="700">
      <marc:subfield code="a">Santini, Fortunato</marc:subfield>
      <marc:subfield code="d">1777-1861</marc:subfield>
      <marc:subfield code="j">Ascertained</marc:subfield>
      <marc:subfield code="0">81117</marc:subfield>
      <marc:subfield code="4">scr</marc:subfield>
      <marc:subfield code="8">01</marc:subfield>
    </marc:datafield>
    <marc:datafield ind1="1" ind2=" " tag="700">
      <marc:subfield code="a">Elisabeth Christine, römisch-deutsche Kaiserin</marc:subfield>
      <marc:subfield code="d">1691-1750</marc:subfield>
      <marc:subfield code="j">Conjectural</marc:subfield>
      <marc:subfield code="0">333144</marc:subfield>
      <marc:subfield code="4">dte</marc:subfield>
    </marc:datafield>
    <marc:datafield ind1="1" ind2=" " tag="700">
      <marc:subfield code="a">Maria Theresia, römisch-deutsche Kaiserin</marc:subfield>
      <marc:subfield code="d">1717-1780</marc:subfield>
      <marc:subfield code="j">Ascertained</marc:subfield>
      <marc:subfield code="0">452278</marc:subfield>
      <marc:subfield code="4">oth</marc:subfield>
    </marc:datafield>
    <marc:datafield ind1="0" ind2=" " tag="773">
      <marc:subfield code="a"> - 21 Sacred songs</marc:subfield>
      <marc:subfield code="w">310002128</marc:subfield>
    </marc:datafield>
    <marc:datafield ind1=" " ind2=" " tag="852">
      <marc:subfield code="a">RUS-Mk</marc:subfield>
      <marc:subfield code="c">XI-433</marc:subfield>
      <marc:subfield code="e">Naučnaja muzykal'naja biblioteka im. S. I. Taneeva Moskovskoj gosudarstvennoj konservatorii im. P. I. Čajkovskogo</marc:subfield>
      <marc:subfield code="x">30002527</marc:subfield>
    </marc:datafield>
  </marc:record>