
  <marc:record>
    <marc:leader>00000ndm a2200000 u 4500</marc:leader>
    <marc:controlfield tag="001">451022947</marc:controlfield>
    <marc:controlfield tag="003">DE-633</marc:controlfield>
    <marc:controlfield tag="005">20221016092758.0</marc:controlfield>
    <marc:datafield ind1=" " ind2=" " tag="031">
      <marc:subfield code="a">1</marc:subfield>
      <marc:subfield code="b">1</marc:subfield>
      <marc:subfield code="c">1</marc:subfield>
      <marc:subfield code="d">Adagio</marc:subfield>
      <marc:subfield code="g">C-1</marc:subfield>
      <marc:subfield code="m">S</marc:subfield>
      <marc:subfield code="n">bBE</marc:subfield>
      <marc:subfield code="o">c</marc:subfield>
      <marc:subfield code="p">''2D+4D'B/GG-''E+/E2D4C/</marc:subfield>
      <marc:subfield code="r">g</marc:subfield>
      <marc:subfield code="t">Stabat mater, dolorosa juxta crucem lacrimosa</marc:subfield>
      <marc:subfield code="2">pe</marc:subfield>
    </marc:datafield>
    <marc:datafield ind1=" " ind2=" " tag="040">
      <marc:subfield code="a">DE-633</marc:subfield>
    </marc:datafield>
    <marc:datafield ind1=" " ind2=" " tag="041">
      <marc:subfield code="a">lat</marc:subfield>
    </marc:datafield>
    <marc:datafield ind1="1" ind2=" " tag="100">
      <marc:subfield code="a">Tůma, František Ignác</marc:subfield>
      <marc:subfield code="d">1704-1774</marc:subfield>
      <marc:subfield code="j">Ascertained</marc:subfield>
      <marc:subfield code="0">30003182</marc:subfield>
    </marc:datafield>
    <marc:datafield ind1="1" ind2="0" tag="240">
      <marc:subfield code="a">Stabat mater</marc:subfield>
      <marc:subfield code="m">V (4), org</marc:subfield>
      <marc:subfield code="r">g</marc:subfield>
      <marc:subfield code="0">3900847</marc:subfield>
    </marc:datafield>
    <marc:datafield ind1="1" ind2="0" tag="245">
      <marc:subfield code="a">Il Pianto della madre dolorosa | composto a quattro voci in pieno | per clementissimo commando della S: C. e R. Maestà di Maria | Teresa Imperatrice regnante | da | Francesco Tuma M[aestro] D[i] C[appella] della fù Maestà l'Imperatrice | Elisabetta di piissima memoria.</marc:subfield>
    </marc:datafield>
    <marc:datafield ind1=" " ind2=" " tag="260">
      <marc:subfield code="c">1800-1899 (19.sc)</marc:subfield>
      <marc:subfield code="8">01</marc:subfield>
    </marc:datafield>
    <marc:datafield ind1=" " ind2=" " tag="300">
      <marc:subfield code="a">score: 24f.</marc:subfield>
      <marc:subfield code="c">32,5 x 24 cm</marc:subfield>
      <marc:subfield code="8">01</marc:subfield>
    </marc:datafield>
    <marc:datafield ind1=" " ind2=" " tag="500">
      <marc:subfield code="a">Alte Signatur oben links von Santinis Hand</marc:subfield>
    </marc:datafield>
    <marc:datafield ind1=" " ind2=" " tag="500">
      <marc:subfield code="a">Besitzvermerk Santinis unten links</marc:subfield>
    </marc:datafield>
    <marc:datafield ind1=" " ind2=" " tag="500">
      <marc:subfield code="a">Comment on scoring: bc: org</marc:subfield>
    </marc:datafield>
    <marc:datafield ind1=" " ind2=" " tag="593">
      <marc:subfield code="a">Manuscript copy</marc:subfield>
      <marc:subfield code="b">Notated music</marc:subfield>
      <marc:subfield code="8">01</marc:subfield>
    </marc:datafield>
    <marc:datafield ind1=" " ind2=" " tag="594">
      <marc:subfield code="b">S</marc:subfield>
      <marc:subfield code="c">1</marc:subfield>
    </marc:datafield>
    <marc:datafield ind1=" " ind2=" " tag="594">
      <marc:subfield code="b">A</marc:subfield>
      <marc:subfield code="c">1</marc:subfield>
    </marc:datafield>
    <marc:datafield ind1=" " ind2=" " tag="594">
      <marc:subfield code="b">T</marc:subfield>
      <marc:subfield code="c">1</marc:subfield>
    </marc:datafield>
    <marc:datafield ind1=" " ind2=" " tag="594">
      <marc:subfield code="b">B</marc:subfield>
      <marc:subfield code="c">1</marc:subfield>
    </marc:datafield>
    <marc:datafield ind1=" " ind2=" " tag="594">
      <marc:subfield code="b">org</marc:subfield>
      <marc:subfield code="c">1</marc:subfield>
    </marc:datafield>
    <marc:datafield ind1=" " ind2=" " tag="594">
      <marc:subfield code="a">S, A, T, B, org</marc:subfield>
    </marc:datafield>
    <marc:datafield ind1=" " ind2=" " tag="599">
      <marc:subfield code="b">full</marc:subfield>
    </marc:datafield>
    <marc:datafield ind1="0" ind2="0" tag="650">
      <marc:subfield code="a">Sacred songs</marc:subfield>
      <marc:subfield code="0">25250</marc:subfield>
    </marc:datafield>
    <marc:datafield ind1="1" ind2=" " tag="700">
      <marc:subfield code="a">Kiesewetter, Raphael Georg</marc:subfield>
      <marc:subfield code="d">1773-1850</marc:subfield>
      <marc:subfield code="j">Ascertained</marc:subfield>
      <marc:subfield code="0">152380</marc:subfield>
      <marc:subfield code="4">scr</marc:subfield>
      <marc:subfield code="8">01</marc:subfield>
    </marc:datafield>
    <marc:datafield ind1="1" ind2=" " tag="700">
      <marc:subfield code="a">Santini, Fortunato</marc:subfield>
      <marc:subfield code="d">1777-1861</marc:subfield>
      <marc:subfield code="0">81117</marc:subfield>
      <marc:subfield code="4">fmo</marc:subfield>
    </marc:datafield>
    <marc:datafield ind1="1" ind2=" " tag="700">
      <marc:subfield code="a">Maria Theresia, römisch-deutsche Kaiserin</marc:subfield>
      <marc:subfield code="d">1717-1780</marc:subfield>
      <marc:subfield code="j">Ascertained</marc:subfield>
      <marc:subfield code="0">452278</marc:subfield>
      <marc:subfield code="4">oth</marc:subfield>
    </marc:datafield>
    <marc:datafield ind1="1" ind2=" " tag="700">
      <marc:subfield code="a">Elisabeth Christine, römisch-deutsche Kaiserin</marc:subfield>
      <marc:subfield code="d">1691-1750</marc:subfield>
      <marc:subfield code="j">Conjectural</marc:subfield>
      <marc:subfield code="0">333144</marc:subfield>
      <marc:subfield code="4">oth</marc:subfield>
    </marc:datafield>
    <marc:datafield ind1="0" ind2=" " tag="730">
      <marc:subfield code="a">Il Pianto della madre dolorosa</marc:subfield>
      <marc:subfield code="g">RISM</marc:subfield>
      <marc:subfield code="0">4000093</marc:subfield>
    </marc:datafield>
    <marc:datafield ind1=" " ind2=" " tag="852">
      <marc:subfield code="a">D-MÜs</marc:subfield>
      <marc:subfield code="c">SANT Hs 4196</marc:subfield>
      <marc:subfield code="d">S.R.2.Divis.3 N.19</marc:subfield>
      <marc:subfield code="e">Santini-Bibliothek</marc:subfield>
      <marc:subfield code="x">30000239</marc:subfield>
    </marc:datafield>
  </marc:record>