
  <marc:record>
    <marc:leader>00000ndm a2200000 u 4500</marc:leader>
    <marc:controlfield tag="001">452514375</marc:controlfield>
    <marc:controlfield tag="003">DE-633</marc:controlfield>
    <marc:controlfield tag="005">20221016100114.0</marc:controlfield>
    <marc:datafield ind1=" " ind2=" " tag="031">
      <marc:subfield code="a">1</marc:subfield>
      <marc:subfield code="b">1</marc:subfield>
      <marc:subfield code="c">1</marc:subfield>
      <marc:subfield code="d">Affettuoso</marc:subfield>
      <marc:subfield code="g">C-1</marc:subfield>
      <marc:subfield code="m">S solo</marc:subfield>
      <marc:subfield code="n">bBE</marc:subfield>
      <marc:subfield code="o">c</marc:subfield>
      <marc:subfield code="p">''2D+4D'B/GG-''E+/E2D4C+/C'nB''CC+/C{'8BA}''q4C'2B/A-/</marc:subfield>
      <marc:subfield code="r">g</marc:subfield>
      <marc:subfield code="t">Stabat mater, dolorosa juxta crucem lacrimosa</marc:subfield>
      <marc:subfield code="2">pe</marc:subfield>
    </marc:datafield>
    <marc:datafield ind1=" " ind2=" " tag="040">
      <marc:subfield code="a">DE-633</marc:subfield>
    </marc:datafield>
    <marc:datafield ind1=" " ind2=" " tag="041">
      <marc:subfield code="a">lat</marc:subfield>
    </marc:datafield>
    <marc:datafield ind1="1" ind2=" " tag="100">
      <marc:subfield code="a">Tůma, František Ignác</marc:subfield>
      <marc:subfield code="d">1704-1774</marc:subfield>
      <marc:subfield code="j">Ascertained</marc:subfield>
      <marc:subfield code="0">30003182</marc:subfield>
    </marc:datafield>
    <marc:datafield ind1="1" ind2="0" tag="240">
      <marc:subfield code="a">Stabat mater</marc:subfield>
      <marc:subfield code="m">V (4), Coro</marc:subfield>
      <marc:subfield code="r">g</marc:subfield>
      <marc:subfield code="0">3900847</marc:subfield>
    </marc:datafield>
    <marc:datafield ind1="1" ind2="0" tag="245">
      <marc:subfield code="a">[dust spine title:] Tuma Stabat mater â 4 V. (10 St.) | [dust cover title:] Tuma | Stabat mater. | à 4 V. | 3 Sopr. | 3 Alt. | 2 Ten. | 2 Bass.</marc:subfield>
    </marc:datafield>
    <marc:datafield ind1=" " ind2=" " tag="260">
      <marc:subfield code="c">1800 (1800c)</marc:subfield>
      <marc:subfield code="8">01</marc:subfield>
    </marc:datafield>
    <marc:datafield ind1=" " ind2=" " tag="260">
      <marc:subfield code="c">1800</marc:subfield>
      <marc:subfield code="8">02</marc:subfield>
    </marc:datafield>
    <marc:datafield ind1=" " ind2=" " tag="300">
      <marc:subfield code="a">8 parts</marc:subfield>
      <marc:subfield code="c">32,5 x 23,5 cm</marc:subfield>
      <marc:subfield code="8">01</marc:subfield>
    </marc:datafield>
    <marc:datafield ind1=" " ind2=" " tag="300">
      <marc:subfield code="a">10 parts</marc:subfield>
      <marc:subfield code="c">17 x 21 cm</marc:subfield>
      <marc:subfield code="8">02</marc:subfield>
    </marc:datafield>
    <marc:datafield ind1=" " ind2=" " tag="500">
      <marc:subfield code="a">Der zweite Stimmensatz von anderem Schreiber</marc:subfield>
    </marc:datafield>
    <marc:datafield ind1=" " ind2=" " tag="590">
      <marc:subfield code="a">Solo: S, A, T, B, Coro: S, A, T, B</marc:subfield>
      <marc:subfield code="b">2, 2, 2, 2, 2, 2, 2, 2</marc:subfield>
      <marc:subfield code="8">01</marc:subfield>
    </marc:datafield>
    <marc:datafield ind1=" " ind2=" " tag="590">
      <marc:subfield code="a">Coro: S (3x), A (3x), T (2x), B (2x)</marc:subfield>
      <marc:subfield code="b">5, 5, 5, 5, 5, 5, 5, 5, 5, 5f.</marc:subfield>
      <marc:subfield code="8">02</marc:subfield>
    </marc:datafield>
    <marc:datafield ind1=" " ind2=" " tag="593">
      <marc:subfield code="a">Manuscript copy</marc:subfield>
      <marc:subfield code="b">Notated music</marc:subfield>
      <marc:subfield code="8">01</marc:subfield>
    </marc:datafield>
    <marc:datafield ind1=" " ind2=" " tag="593">
      <marc:subfield code="a">Manuscript copy</marc:subfield>
      <marc:subfield code="b">Notated music</marc:subfield>
      <marc:subfield code="8">02</marc:subfield>
    </marc:datafield>
    <marc:datafield ind1=" " ind2=" " tag="594">
      <marc:subfield code="b">S</marc:subfield>
      <marc:subfield code="c">1</marc:subfield>
    </marc:datafield>
    <marc:datafield ind1=" " ind2=" " tag="594">
      <marc:subfield code="b">A</marc:subfield>
      <marc:subfield code="c">1</marc:subfield>
    </marc:datafield>
    <marc:datafield ind1=" " ind2=" " tag="594">
      <marc:subfield code="b">T</marc:subfield>
      <marc:subfield code="c">1</marc:subfield>
    </marc:datafield>
    <marc:datafield ind1=" " ind2=" " tag="594">
      <marc:subfield code="b">B</marc:subfield>
      <marc:subfield code="c">1</marc:subfield>
    </marc:datafield>
    <marc:datafield ind1=" " ind2=" " tag="594">
      <marc:subfield code="b">Coro S</marc:subfield>
      <marc:subfield code="c">1</marc:subfield>
    </marc:datafield>
    <marc:datafield ind1=" " ind2=" " tag="594">
      <marc:subfield code="b">Coro A</marc:subfield>
      <marc:subfield code="c">1</marc:subfield>
    </marc:datafield>
    <marc:datafield ind1=" " ind2=" " tag="594">
      <marc:subfield code="b">Coro T</marc:subfield>
      <marc:subfield code="c">1</marc:subfield>
    </marc:datafield>
    <marc:datafield ind1=" " ind2=" " tag="594">
      <marc:subfield code="b">Coro B</marc:subfield>
      <marc:subfield code="c">1</marc:subfield>
    </marc:datafield>
    <marc:datafield ind1=" " ind2=" " tag="594">
      <marc:subfield code="a">S, A, T, B, Coro S, Coro A, Coro T, Coro B</marc:subfield>
    </marc:datafield>
    <marc:datafield ind1=" " ind2=" " tag="599">
      <marc:subfield code="b">full</marc:subfield>
    </marc:datafield>
    <marc:datafield ind1="0" ind2="0" tag="650">
      <marc:subfield code="a">Sacred songs</marc:subfield>
      <marc:subfield code="0">25250</marc:subfield>
    </marc:datafield>
    <marc:datafield ind1=" " ind2=" " tag="852">
      <marc:subfield code="a">D-B</marc:subfield>
      <marc:subfield code="c">Mus.ms. 22100/1</marc:subfield>
      <marc:subfield code="e">Staatsbibliothek zu Berlin - Preußischer Kulturbesitz, Musikabteilung</marc:subfield>
      <marc:subfield code="x">30000655</marc:subfield>
    </marc:datafield>
  </marc:record>