
  <marc:record>
    <marc:leader>00000ndm a2200000 u 4500</marc:leader>
    <marc:controlfield tag="001">550266972</marc:controlfield>
    <marc:controlfield tag="003">DE-633</marc:controlfield>
    <marc:controlfield tag="005">20221016113320.0</marc:controlfield>
    <marc:datafield ind1=" " ind2=" " tag="031">
      <marc:subfield code="a">1</marc:subfield>
      <marc:subfield code="b">1</marc:subfield>
      <marc:subfield code="c">1</marc:subfield>
      <marc:subfield code="d">Dixit Dominus. Allegro</marc:subfield>
      <marc:subfield code="g">C-1</marc:subfield>
      <marc:subfield code="m">S</marc:subfield>
      <marc:subfield code="o">c</marc:subfield>
      <marc:subfield code="p">''4CCC8CC/4D8DD4E8D{D/C}'B4-2-/4-8BBBB4B/''C</marc:subfield>
      <marc:subfield code="t">Dixit Dominus, Domino meo sede a dextris meis</marc:subfield>
      <marc:subfield code="2">pe</marc:subfield>
    </marc:datafield>
    <marc:datafield ind1=" " ind2=" " tag="031">
      <marc:subfield code="a">1</marc:subfield>
      <marc:subfield code="b">2</marc:subfield>
      <marc:subfield code="c">1</marc:subfield>
      <marc:subfield code="d">Confitebor.</marc:subfield>
      <marc:subfield code="g">C-1</marc:subfield>
      <marc:subfield code="m">S</marc:subfield>
      <marc:subfield code="n">bB</marc:subfield>
      <marc:subfield code="o">c</marc:subfield>
      <marc:subfield code="p">''8C{'6AB}''8CDq6D8C{'6BA}8.B6B/4A8-''C{6CD}{CD}{CD}{CD}/8C'F</marc:subfield>
      <marc:subfield code="t">Confitebor, tibi Domine in toto corde meo in consilio justorum et congregatione</marc:subfield>
      <marc:subfield code="2">pe</marc:subfield>
    </marc:datafield>
    <marc:datafield ind1=" " ind2=" " tag="031">
      <marc:subfield code="a">1</marc:subfield>
      <marc:subfield code="b">3</marc:subfield>
      <marc:subfield code="c">1</marc:subfield>
      <marc:subfield code="d">Beatus vir. Allegro</marc:subfield>
      <marc:subfield code="g">C-1</marc:subfield>
      <marc:subfield code="m">S</marc:subfield>
      <marc:subfield code="n">bBE</marc:subfield>
      <marc:subfield code="o">3/2</marc:subfield>
      <marc:subfield code="p">'2BBA/2.B4A2B/''C'2.B4B/2A4BBBB/2BB</marc:subfield>
      <marc:subfield code="t">Beatus vir, qui timet Dominum</marc:subfield>
      <marc:subfield code="2">pe</marc:subfield>
    </marc:datafield>
    <marc:datafield ind1=" " ind2=" " tag="031">
      <marc:subfield code="a">1</marc:subfield>
      <marc:subfield code="b">4</marc:subfield>
      <marc:subfield code="c">1</marc:subfield>
      <marc:subfield code="d">Laudate pueri.</marc:subfield>
      <marc:subfield code="g">C-4</marc:subfield>
      <marc:subfield code="m">T</marc:subfield>
      <marc:subfield code="n">bBEA</marc:subfield>
      <marc:subfield code="o">c</marc:subfield>
      <marc:subfield code="p">4-8-,B{'6C,B}8B-'E/C,BA6BAGF8E4-/8-B'EE</marc:subfield>
      <marc:subfield code="t">Laudate pueri, Dominum laudate nomen Domini</marc:subfield>
      <marc:subfield code="2">pe</marc:subfield>
    </marc:datafield>
    <marc:datafield ind1=" " ind2=" " tag="031">
      <marc:subfield code="a">1</marc:subfield>
      <marc:subfield code="b">5</marc:subfield>
      <marc:subfield code="c">1</marc:subfield>
      <marc:subfield code="d">Laudate Dominum.</marc:subfield>
      <marc:subfield code="g">C-4</marc:subfield>
      <marc:subfield code="m">T</marc:subfield>
      <marc:subfield code="n">bBE</marc:subfield>
      <marc:subfield code="o">c</marc:subfield>
      <marc:subfield code="p">8-'DDED6C,B'C{,6BA}/{BA}8G4-8-'DDD/{6ED}8E</marc:subfield>
      <marc:subfield code="t">Laudate Dominum, omnes gentes laudate eum omnes populi</marc:subfield>
      <marc:subfield code="2">pe</marc:subfield>
    </marc:datafield>
    <marc:datafield ind1=" " ind2=" " tag="031">
      <marc:subfield code="a">1</marc:subfield>
      <marc:subfield code="b">6</marc:subfield>
      <marc:subfield code="c">1</marc:subfield>
      <marc:subfield code="d">Magnificat. Adagio</marc:subfield>
      <marc:subfield code="g">C-1</marc:subfield>
      <marc:subfield code="m">S</marc:subfield>
      <marc:subfield code="o">c</marc:subfield>
      <marc:subfield code="p">4-''C'4.B8B/''4C2C8CC/4C'BAB/4.A8A2(G)/</marc:subfield>
      <marc:subfield code="t">Magnificat, anima mea Dominum</marc:subfield>
      <marc:subfield code="2">pe</marc:subfield>
    </marc:datafield>
    <marc:datafield ind1=" " ind2=" " tag="040">
      <marc:subfield code="a">DE-633</marc:subfield>
    </marc:datafield>
    <marc:datafield ind1=" " ind2=" " tag="041">
      <marc:subfield code="a">lat</marc:subfield>
    </marc:datafield>
    <marc:datafield ind1="1" ind2=" " tag="100">
      <marc:subfield code="a">Tůma, František Ignác</marc:subfield>
      <marc:subfield code="d">1704-1774</marc:subfield>
      <marc:subfield code="j">Ascertained</marc:subfield>
      <marc:subfield code="0">30003182</marc:subfield>
    </marc:datafield>
    <marc:datafield ind1="1" ind2="0" tag="240">
      <marc:subfield code="a">Vespers</marc:subfield>
      <marc:subfield code="m">V (4), vl (2), clno (2), org</marc:subfield>
      <marc:subfield code="0">3900116</marc:subfield>
    </marc:datafield>
    <marc:datafield ind1="1" ind2="0" tag="245">
      <marc:subfield code="a">Vesperae Breves | in C. | de Confessore. | à | 4 Voci. | 2 Violini. | 2 Clarini in C. in Dixit, et | Magnificat. | Con | Organo. | Di Francesco Tuma. | - W:P:</marc:subfield>
    </marc:datafield>
    <marc:datafield ind1=" " ind2=" " tag="260">
      <marc:subfield code="c">1775-1799 (18.4q)</marc:subfield>
      <marc:subfield code="8">01</marc:subfield>
    </marc:datafield>
    <marc:datafield ind1=" " ind2=" " tag="300">
      <marc:subfield code="a">9 parts</marc:subfield>
      <marc:subfield code="c">36 (22) x 22 (18) cm</marc:subfield>
      <marc:subfield code="8">01</marc:subfield>
    </marc:datafield>
    <marc:datafield ind1=" " ind2=" " tag="500">
      <marc:subfield code="a">Stimmen lose in Umschlag mit Titeltext eingelegt; alte Inventarnummern: "No 229. [Bruchzahl in Blei:] 3/3, 1034.", auf der Rückseite: "77891"; clno 1, 2-Stimmen in kleinerem Format</marc:subfield>
    </marc:datafield>
    <marc:datafield ind1=" " ind2=" " tag="500">
      <marc:subfield code="a">Drei Schreiber</marc:subfield>
    </marc:datafield>
    <marc:datafield ind1=" " ind2=" " tag="590">
      <marc:subfield code="a">S, A, T, B, vl 1, 2, clno in C 1, 2, org</marc:subfield>
      <marc:subfield code="b">2, 2, 2, 2, 2, 2, 1, 1, 2f.</marc:subfield>
      <marc:subfield code="8">01</marc:subfield>
    </marc:datafield>
    <marc:datafield ind1=" " ind2=" " tag="593">
      <marc:subfield code="a">Manuscript copy</marc:subfield>
      <marc:subfield code="b">Notated music</marc:subfield>
      <marc:subfield code="8">01</marc:subfield>
    </marc:datafield>
    <marc:datafield ind1=" " ind2=" " tag="594">
      <marc:subfield code="b">S</marc:subfield>
      <marc:subfield code="c">1</marc:subfield>
    </marc:datafield>
    <marc:datafield ind1=" " ind2=" " tag="594">
      <marc:subfield code="b">A</marc:subfield>
      <marc:subfield code="c">1</marc:subfield>
    </marc:datafield>
    <marc:datafield ind1=" " ind2=" " tag="594">
      <marc:subfield code="b">T</marc:subfield>
      <marc:subfield code="c">1</marc:subfield>
    </marc:datafield>
    <marc:datafield ind1=" " ind2=" " tag="594">
      <marc:subfield code="b">B</marc:subfield>
      <marc:subfield code="c">1</marc:subfield>
    </marc:datafield>
    <marc:datafield ind1=" " ind2=" " tag="594">
      <marc:subfield code="b">vl</marc:subfield>
      <marc:subfield code="c">2</marc:subfield>
    </marc:datafield>
    <marc:datafield ind1=" " ind2=" " tag="594">
      <marc:subfield code="b">clno</marc:subfield>
      <marc:subfield code="c">2</marc:subfield>
    </marc:datafield>
    <marc:datafield ind1=" " ind2=" " tag="594">
      <marc:subfield code="b">org</marc:subfield>
      <marc:subfield code="c">1</marc:subfield>
    </marc:datafield>
    <marc:datafield ind1=" " ind2=" " tag="594">
      <marc:subfield code="a">S, A, T, B, vl (2), clno (2), org</marc:subfield>
    </marc:datafield>
    <marc:datafield ind1=" " ind2=" " tag="599">
      <marc:subfield code="b">full</marc:subfield>
    </marc:datafield>
    <marc:datafield ind1="0" ind2="0" tag="650">
      <marc:subfield code="a">Vespers</marc:subfield>
      <marc:subfield code="0">25149</marc:subfield>
    </marc:datafield>
    <marc:datafield ind1=" " ind2="7" tag="657">
      <marc:subfield code="a">De Confessore</marc:subfield>
      <marc:subfield code="0">24807</marc:subfield>
    </marc:datafield>
    <marc:datafield ind1="1" ind2=" " tag="700">
      <marc:subfield code="a">Praupner, Václav</marc:subfield>
      <marc:subfield code="d">1745-1807</marc:subfield>
      <marc:subfield code="j">Ascertained</marc:subfield>
      <marc:subfield code="0">30007340</marc:subfield>
      <marc:subfield code="4">scr</marc:subfield>
      <marc:subfield code="8">01</marc:subfield>
    </marc:datafield>
    <marc:datafield ind1=" " ind2=" " tag="852">
      <marc:subfield code="a">CZ-Pkřiž</marc:subfield>
      <marc:subfield code="c">XXXV E 138</marc:subfield>
      <marc:subfield code="e">Rytířský řád křižovníků s červenou hvězdou, hudební sbírka</marc:subfield>
      <marc:subfield code="x">30004575</marc:subfield>
    </marc:datafield>
  </marc:record>