
  <marc:record>
    <marc:leader>00000ndm a2200000 u 4500</marc:leader>
    <marc:controlfield tag="001">550266980</marc:controlfield>
    <marc:controlfield tag="003">DE-633</marc:controlfield>
    <marc:controlfield tag="005">20221016113320.0</marc:controlfield>
    <marc:datafield ind1=" " ind2=" " tag="031">
      <marc:subfield code="a">1</marc:subfield>
      <marc:subfield code="b">1</marc:subfield>
      <marc:subfield code="c">1</marc:subfield>
      <marc:subfield code="d">Largo</marc:subfield>
      <marc:subfield code="g">G-2</marc:subfield>
      <marc:subfield code="m">vl 1</marc:subfield>
      <marc:subfield code="n">bBE</marc:subfield>
      <marc:subfield code="o">c</marc:subfield>
      <marc:subfield code="p">''4.D8D{E'E}''4E+/8E{6DC}{8DG}4GxF/G{8C'B}4.A8B/''2C{'8B''C}4D//</marc:subfield>
      <marc:subfield code="2">pe</marc:subfield>
    </marc:datafield>
    <marc:datafield ind1=" " ind2=" " tag="031">
      <marc:subfield code="a">1</marc:subfield>
      <marc:subfield code="b">1</marc:subfield>
      <marc:subfield code="c">2</marc:subfield>
      <marc:subfield code="g">C-3</marc:subfield>
      <marc:subfield code="m">A conc</marc:subfield>
      <marc:subfield code="n">bBE</marc:subfield>
      <marc:subfield code="o">c</marc:subfield>
      <marc:subfield code="p">=5/2-'4.D8D/4EE{8E6DC}8DG/4GxFGE/F8DD4ED/D</marc:subfield>
      <marc:subfield code="t">Kyrie eleison Christe eleison Kyrie eleison Christe audi nos</marc:subfield>
      <marc:subfield code="2">pe</marc:subfield>
    </marc:datafield>
    <marc:datafield ind1=" " ind2=" " tag="040">
      <marc:subfield code="a">DE-633</marc:subfield>
    </marc:datafield>
    <marc:datafield ind1=" " ind2=" " tag="041">
      <marc:subfield code="a">lat</marc:subfield>
    </marc:datafield>
    <marc:datafield ind1="1" ind2=" " tag="100">
      <marc:subfield code="a">Tůma, František Ignác</marc:subfield>
      <marc:subfield code="d">1704-1774</marc:subfield>
      <marc:subfield code="j">Ascertained</marc:subfield>
      <marc:subfield code="0">30003182</marc:subfield>
    </marc:datafield>
    <marc:datafield ind1="1" ind2="0" tag="240">
      <marc:subfield code="a">Litanies</marc:subfield>
      <marc:subfield code="m">V (4), vl (2), theorbe, org</marc:subfield>
      <marc:subfield code="0">3900164</marc:subfield>
    </marc:datafield>
    <marc:datafield ind1="1" ind2="0" tag="245">
      <marc:subfield code="a">Litaniae Lauretanae. ex G. | a.4.V: | Canto Alto. | Tenore. Basso. | Violinis 2|b|u|s. NB: Violino Solo. | Organo è Tiorba. | Del Sig:|r|e Francesco Tuma. | Anno D[omi]ni 1744. | die 1.|a Octobris</marc:subfield>
    </marc:datafield>
    <marc:datafield ind1=" " ind2=" " tag="260">
      <marc:subfield code="c">1744 (1744)</marc:subfield>
      <marc:subfield code="8">01</marc:subfield>
    </marc:datafield>
    <marc:datafield ind1=" " ind2=" " tag="300">
      <marc:subfield code="a">8 parts</marc:subfield>
      <marc:subfield code="c">29,5 x 23 cm</marc:subfield>
      <marc:subfield code="8">01</marc:subfield>
    </marc:datafield>
    <marc:datafield ind1=" " ind2=" " tag="500">
      <marc:subfield code="a">Stimmen lose in Umschlag mit Titeltext eingelegt; alte Inventarnummern: "[durchstrichen:] N:12., 27., 2304", auf der Rückseite: "77899"; rechts oben: "Recent: 5"; unter dem Namen des Komponisten Aufführungsvermerke: "Prod: 28 Sept: 1762 / Prod: 23 Septem: 1781"; auf f.4 des Umschlags: "Lytan: Techetti"</marc:subfield>
    </marc:datafield>
    <marc:datafield ind1=" " ind2=" " tag="500">
      <marc:subfield code="a">Datierung: 1.10.1744</marc:subfield>
    </marc:datafield>
    <marc:datafield ind1=" " ind2=" " tag="518">
      <marc:subfield code="a">Performance date: 28.09.1762</marc:subfield>
    </marc:datafield>
    <marc:datafield ind1=" " ind2=" " tag="518">
      <marc:subfield code="a">Performance date: 23.09.1781</marc:subfield>
    </marc:datafield>
    <marc:datafield ind1=" " ind2=" " tag="590">
      <marc:subfield code="a">Conc: A, T, S, B, vl 1, 2, theorbe, org</marc:subfield>
      <marc:subfield code="b">2, 2, 2, 2, 2, 1, 2, 2f.</marc:subfield>
      <marc:subfield code="8">01</marc:subfield>
    </marc:datafield>
    <marc:datafield ind1=" " ind2=" " tag="593">
      <marc:subfield code="a">Manuscript copy</marc:subfield>
      <marc:subfield code="b">Notated music</marc:subfield>
      <marc:subfield code="8">01</marc:subfield>
    </marc:datafield>
    <marc:datafield ind1=" " ind2=" " tag="594">
      <marc:subfield code="b">S</marc:subfield>
      <marc:subfield code="c">1</marc:subfield>
    </marc:datafield>
    <marc:datafield ind1=" " ind2=" " tag="594">
      <marc:subfield code="b">A</marc:subfield>
      <marc:subfield code="c">1</marc:subfield>
    </marc:datafield>
    <marc:datafield ind1=" " ind2=" " tag="594">
      <marc:subfield code="b">T</marc:subfield>
      <marc:subfield code="c">1</marc:subfield>
    </marc:datafield>
    <marc:datafield ind1=" " ind2=" " tag="594">
      <marc:subfield code="b">B</marc:subfield>
      <marc:subfield code="c">1</marc:subfield>
    </marc:datafield>
    <marc:datafield ind1=" " ind2=" " tag="594">
      <marc:subfield code="b">vl</marc:subfield>
      <marc:subfield code="c">2</marc:subfield>
    </marc:datafield>
    <marc:datafield ind1=" " ind2=" " tag="594">
      <marc:subfield code="b">org</marc:subfield>
      <marc:subfield code="c">1</marc:subfield>
    </marc:datafield>
    <marc:datafield ind1=" " ind2=" " tag="594">
      <marc:subfield code="b">theorbe</marc:subfield>
      <marc:subfield code="c">1</marc:subfield>
    </marc:datafield>
    <marc:datafield ind1=" " ind2=" " tag="594">
      <marc:subfield code="a">S, A, T, B, vl (2), org, theorbe</marc:subfield>
    </marc:datafield>
    <marc:datafield ind1=" " ind2=" " tag="599">
      <marc:subfield code="b">full</marc:subfield>
    </marc:datafield>
    <marc:datafield ind1="0" ind2="0" tag="650">
      <marc:subfield code="a">Litanies</marc:subfield>
      <marc:subfield code="0">25137</marc:subfield>
    </marc:datafield>
    <marc:datafield ind1="1" ind2=" " tag="700">
      <marc:subfield code="a">Techetti</marc:subfield>
      <marc:subfield code="0">30060581</marc:subfield>
      <marc:subfield code="4">oth</marc:subfield>
    </marc:datafield>
    <marc:datafield ind1=" " ind2=" " tag="852">
      <marc:subfield code="a">CZ-Pkřiž</marc:subfield>
      <marc:subfield code="c">XXXV E 146</marc:subfield>
      <marc:subfield code="e">Rytířský řád křižovníků s červenou hvězdou, hudební sbírka</marc:subfield>
      <marc:subfield code="x">30004575</marc:subfield>
    </marc:datafield>
  </marc:record>