
  <marc:record>
    <marc:leader>00000ndm a2200000 u 4500</marc:leader>
    <marc:controlfield tag="001">550268583</marc:controlfield>
    <marc:controlfield tag="003">DE-633</marc:controlfield>
    <marc:controlfield tag="005">20221016113414.0</marc:controlfield>
    <marc:datafield ind1=" " ind2=" " tag="031">
      <marc:subfield code="a">1</marc:subfield>
      <marc:subfield code="b">1</marc:subfield>
      <marc:subfield code="c">1</marc:subfield>
      <marc:subfield code="d">Grave</marc:subfield>
      <marc:subfield code="g">G-2</marc:subfield>
      <marc:subfield code="m">S</marc:subfield>
      <marc:subfield code="n">xF</marc:subfield>
      <marc:subfield code="o">c</marc:subfield>
      <marc:subfield code="p">4-2''D4D/2D-/4-D{8DxC}4nC/4.'B8B2A/4G</marc:subfield>
      <marc:subfield code="r">G</marc:subfield>
      <marc:subfield code="t">Kyrie, eleison Christe eleison Kyrie eleison</marc:subfield>
      <marc:subfield code="2">pe</marc:subfield>
    </marc:datafield>
    <marc:datafield ind1=" " ind2=" " tag="031">
      <marc:subfield code="a">1</marc:subfield>
      <marc:subfield code="b">2</marc:subfield>
      <marc:subfield code="c">1</marc:subfield>
      <marc:subfield code="d">Andante</marc:subfield>
      <marc:subfield code="g">G-2</marc:subfield>
      <marc:subfield code="m">S solo</marc:subfield>
      <marc:subfield code="n">xF</marc:subfield>
      <marc:subfield code="o">c</marc:subfield>
      <marc:subfield code="p">8'G6AB8''C{6'BA}8BG''D{6EF}/8GE4Ct'B-/</marc:subfield>
      <marc:subfield code="r">G</marc:subfield>
      <marc:subfield code="t">Gloria, in excelsis Deo et in terra pax</marc:subfield>
      <marc:subfield code="2">pe</marc:subfield>
    </marc:datafield>
    <marc:datafield ind1=" " ind2=" " tag="031">
      <marc:subfield code="a">1</marc:subfield>
      <marc:subfield code="b">3</marc:subfield>
      <marc:subfield code="c">1</marc:subfield>
      <marc:subfield code="d">[Credo]. Allegro</marc:subfield>
      <marc:subfield code="g">G-2</marc:subfield>
      <marc:subfield code="m">S solo</marc:subfield>
      <marc:subfield code="n">xF</marc:subfield>
      <marc:subfield code="o">c</marc:subfield>
      <marc:subfield code="p">4''D8'B''DED4Ct/'B8-BB{6AG}{8A''D}/'BA4GtF-/</marc:subfield>
      <marc:subfield code="r">G</marc:subfield>
      <marc:subfield code="t">Patrem omnipotentem, factorem caeli et terrae</marc:subfield>
      <marc:subfield code="2">pe</marc:subfield>
    </marc:datafield>
    <marc:datafield ind1=" " ind2=" " tag="031">
      <marc:subfield code="a">1</marc:subfield>
      <marc:subfield code="b">4</marc:subfield>
      <marc:subfield code="c">1</marc:subfield>
      <marc:subfield code="d">Adagio</marc:subfield>
      <marc:subfield code="g">G-2</marc:subfield>
      <marc:subfield code="m">S</marc:subfield>
      <marc:subfield code="n">xF</marc:subfield>
      <marc:subfield code="o">c</marc:subfield>
      <marc:subfield code="p">4-2''D4D/2D4C-/-2C4C/2C4'B-/-2bB4B/</marc:subfield>
      <marc:subfield code="t">Sanctus, Dominus Deus Sabaoth</marc:subfield>
      <marc:subfield code="2">pe</marc:subfield>
    </marc:datafield>
    <marc:datafield ind1=" " ind2=" " tag="031">
      <marc:subfield code="a">1</marc:subfield>
      <marc:subfield code="b">5</marc:subfield>
      <marc:subfield code="c">1</marc:subfield>
      <marc:subfield code="d">[Benedictus]. Larghetto</marc:subfield>
      <marc:subfield code="g">G-2</marc:subfield>
      <marc:subfield code="m">vl 1</marc:subfield>
      <marc:subfield code="n">xF</marc:subfield>
      <marc:subfield code="o">c</marc:subfield>
      <marc:subfield code="p">4''B+{6BBGxD}{ED8E+}{6EGE'B}/</marc:subfield>
      <marc:subfield code="r">e</marc:subfield>
      <marc:subfield code="2">pe</marc:subfield>
    </marc:datafield>
    <marc:datafield ind1=" " ind2=" " tag="031">
      <marc:subfield code="a">1</marc:subfield>
      <marc:subfield code="b">5</marc:subfield>
      <marc:subfield code="c">2</marc:subfield>
      <marc:subfield code="g">G-2</marc:subfield>
      <marc:subfield code="m">A</marc:subfield>
      <marc:subfield code="n">xF</marc:subfield>
      <marc:subfield code="o">c</marc:subfield>
      <marc:subfield code="p">=6/2-4.'B{6GF}/{ExD}4E6GE{C,B}4'C8A/{xDF}B</marc:subfield>
      <marc:subfield code="r">e</marc:subfield>
      <marc:subfield code="t">Benedictus, qui venit in nomine Domini hosanna in excelsis</marc:subfield>
      <marc:subfield code="2">pe</marc:subfield>
    </marc:datafield>
    <marc:datafield ind1=" " ind2=" " tag="031">
      <marc:subfield code="a">1</marc:subfield>
      <marc:subfield code="b">6</marc:subfield>
      <marc:subfield code="c">1</marc:subfield>
      <marc:subfield code="d">Adagio</marc:subfield>
      <marc:subfield code="g">G-2</marc:subfield>
      <marc:subfield code="m">S solo</marc:subfield>
      <marc:subfield code="n">xF</marc:subfield>
      <marc:subfield code="o">c</marc:subfield>
      <marc:subfield code="p">4.''D8D4'BB/2''D8D6DD8C'B/4''CC</marc:subfield>
      <marc:subfield code="r">G</marc:subfield>
      <marc:subfield code="t">Agnus Dei, qui tollis peccata mundi miserere nobis</marc:subfield>
      <marc:subfield code="2">pe</marc:subfield>
    </marc:datafield>
    <marc:datafield ind1=" " ind2=" " tag="040">
      <marc:subfield code="a">DE-633</marc:subfield>
    </marc:datafield>
    <marc:datafield ind1=" " ind2=" " tag="041">
      <marc:subfield code="a">lat</marc:subfield>
    </marc:datafield>
    <marc:datafield ind1="1" ind2=" " tag="100">
      <marc:subfield code="a">Tůma, František Ignác</marc:subfield>
      <marc:subfield code="d">1704-1774</marc:subfield>
      <marc:subfield code="j">Ascertained</marc:subfield>
      <marc:subfield code="0">30003182</marc:subfield>
    </marc:datafield>
    <marc:datafield ind1="1" ind2="0" tag="240">
      <marc:subfield code="a">Masses</marc:subfield>
      <marc:subfield code="m">V (4), orch, org</marc:subfield>
      <marc:subfield code="r">G</marc:subfield>
      <marc:subfield code="0">3900051</marc:subfield>
    </marc:datafield>
    <marc:datafield ind1="1" ind2="0" tag="245">
      <marc:subfield code="a">Missa Sancti Wolffgangi</marc:subfield>
    </marc:datafield>
    <marc:datafield ind1=" " ind2=" " tag="300">
      <marc:subfield code="a">12 parts</marc:subfield>
      <marc:subfield code="8">01</marc:subfield>
    </marc:datafield>
    <marc:datafield ind1=" " ind2=" " tag="500">
      <marc:subfield code="a">Nur teilweise von Sehlings Hand.</marc:subfield>
    </marc:datafield>
    <marc:datafield ind1=" " ind2=" " tag="590">
      <marc:subfield code="a">S, A, T, B, vl 1, 2, vlne (probably later added), clno 1, 2 in D, a-trb, t-trb, org</marc:subfield>
      <marc:subfield code="b"/>
      <marc:subfield code="8">01</marc:subfield>
    </marc:datafield>
    <marc:datafield ind1=" " ind2=" " tag="593">
      <marc:subfield code="a">Manuscript copy</marc:subfield>
      <marc:subfield code="b">Notated music</marc:subfield>
      <marc:subfield code="8">01</marc:subfield>
    </marc:datafield>
    <marc:datafield ind1=" " ind2=" " tag="594">
      <marc:subfield code="b">S</marc:subfield>
      <marc:subfield code="c">1</marc:subfield>
    </marc:datafield>
    <marc:datafield ind1=" " ind2=" " tag="594">
      <marc:subfield code="b">A</marc:subfield>
      <marc:subfield code="c">1</marc:subfield>
    </marc:datafield>
    <marc:datafield ind1=" " ind2=" " tag="594">
      <marc:subfield code="b">T</marc:subfield>
      <marc:subfield code="c">1</marc:subfield>
    </marc:datafield>
    <marc:datafield ind1=" " ind2=" " tag="594">
      <marc:subfield code="b">B</marc:subfield>
      <marc:subfield code="c">1</marc:subfield>
    </marc:datafield>
    <marc:datafield ind1=" " ind2=" " tag="594">
      <marc:subfield code="b">vl</marc:subfield>
      <marc:subfield code="c">2</marc:subfield>
    </marc:datafield>
    <marc:datafield ind1=" " ind2=" " tag="594">
      <marc:subfield code="b">vlne</marc:subfield>
      <marc:subfield code="c">1</marc:subfield>
    </marc:datafield>
    <marc:datafield ind1=" " ind2=" " tag="594">
      <marc:subfield code="b">clno</marc:subfield>
      <marc:subfield code="c">2</marc:subfield>
    </marc:datafield>
    <marc:datafield ind1=" " ind2=" " tag="594">
      <marc:subfield code="b">a-trb</marc:subfield>
      <marc:subfield code="c">1</marc:subfield>
    </marc:datafield>
    <marc:datafield ind1=" " ind2=" " tag="594">
      <marc:subfield code="b">t-trb</marc:subfield>
      <marc:subfield code="c">1</marc:subfield>
    </marc:datafield>
    <marc:datafield ind1=" " ind2=" " tag="594">
      <marc:subfield code="b">org</marc:subfield>
      <marc:subfield code="c">1</marc:subfield>
    </marc:datafield>
    <marc:datafield ind1=" " ind2=" " tag="594">
      <marc:subfield code="a">S, A, T, B, vl (2), vlne, clno (2), a-trb, t-trb, org</marc:subfield>
    </marc:datafield>
    <marc:datafield ind1=" " ind2=" " tag="599">
      <marc:subfield code="b">full</marc:subfield>
    </marc:datafield>
    <marc:datafield ind1="0" ind2="0" tag="650">
      <marc:subfield code="a">Masses</marc:subfield>
      <marc:subfield code="0">25133</marc:subfield>
    </marc:datafield>
    <marc:datafield ind1=" " ind2=" " tag="691">
      <marc:subfield code="a">ŠtefanP 1983</marc:subfield>
      <marc:subfield code="n">no.1389</marc:subfield>
      <marc:subfield code="0">2386</marc:subfield>
    </marc:datafield>
    <marc:datafield ind1="1" ind2=" " tag="700">
      <marc:subfield code="a">Sehling, Josef Antonín</marc:subfield>
      <marc:subfield code="d">1710-1756</marc:subfield>
      <marc:subfield code="j">Ascertained</marc:subfield>
      <marc:subfield code="0">30002956</marc:subfield>
      <marc:subfield code="4">scr</marc:subfield>
      <marc:subfield code="8">01</marc:subfield>
    </marc:datafield>
    <marc:datafield ind1="1" ind2=" " tag="700">
      <marc:subfield code="a">Sehling, Josef Antonín</marc:subfield>
      <marc:subfield code="d">1710-1756</marc:subfield>
      <marc:subfield code="j">Ascertained</marc:subfield>
      <marc:subfield code="0">30002956</marc:subfield>
      <marc:subfield code="4">fmo</marc:subfield>
    </marc:datafield>
    <marc:datafield ind1="0" ind2=" " tag="730">
      <marc:subfield code="a">Missa S Wolfgangi</marc:subfield>
      <marc:subfield code="g">RISM</marc:subfield>
      <marc:subfield code="0">3947337</marc:subfield>
    </marc:datafield>
    <marc:datafield ind1=" " ind2=" " tag="852">
      <marc:subfield code="a">CZ-Pak</marc:subfield>
      <marc:subfield code="c">1329</marc:subfield>
      <marc:subfield code="e">Archiv Pražského hradu</marc:subfield>
      <marc:subfield code="x">30000027</marc:subfield>
    </marc:datafield>
  </marc:record>