
  <marc:record>
    <marc:leader>00000ndc a2200000 u 4500</marc:leader>
    <marc:controlfield tag="001">551003276</marc:controlfield>
    <marc:controlfield tag="003">DE-633</marc:controlfield>
    <marc:controlfield tag="005">20230206103053.0</marc:controlfield>
    <marc:datafield ind1=" " ind2=" " tag="040">
      <marc:subfield code="a">DE-633</marc:subfield>
    </marc:datafield>
    <marc:datafield ind1="1" ind2=" " tag="100">
      <marc:subfield code="a">Tůma, František Ignác</marc:subfield>
      <marc:subfield code="d">1704-1774</marc:subfield>
      <marc:subfield code="j">Ascertained</marc:subfield>
      <marc:subfield code="0">30003182</marc:subfield>
    </marc:datafield>
    <marc:datafield ind1="1" ind2="0" tag="240">
      <marc:subfield code="a">2 Offertories</marc:subfield>
      <marc:subfield code="m">Coro, strings, org</marc:subfield>
      <marc:subfield code="0">3901959</marc:subfield>
    </marc:datafield>
    <marc:datafield ind1="1" ind2="0" tag="245">
      <marc:subfield code="a">[cover title:] Offertorium | I|m|u|m /: Perfice gressus meos :/ pro Dominica Sexagesimae. | [added by other hand:] et Domin. VI post Pentecosten | II|d|u|m /: Benedictus es Domine :/ pro Dominica Quinquagesimae. | a | Soprano, Alto, | Tenore, Basso, | Violino Primo, | Violino Secundo, | Viola, | con | Organo | Violone et Violoncello. | Auctore Francisco Tuma. | Sigismundi Kolleschowsky.</marc:subfield>
    </marc:datafield>
    <marc:datafield ind1=" " ind2=" " tag="260">
      <marc:subfield code="c">18360130</marc:subfield>
      <marc:subfield code="8">01</marc:subfield>
    </marc:datafield>
    <marc:datafield ind1=" " ind2=" " tag="300">
      <marc:subfield code="a">9 parts</marc:subfield>
      <marc:subfield code="c">30,5 x 23 cm</marc:subfield>
      <marc:subfield code="8">01</marc:subfield>
    </marc:datafield>
    <marc:datafield ind1=" " ind2=" " tag="300">
      <marc:subfield code="a">score: 5f.</marc:subfield>
      <marc:subfield code="c">245 x 31 cm</marc:subfield>
      <marc:subfield code="8">02</marc:subfield>
    </marc:datafield>
    <marc:datafield ind1=" " ind2=" " tag="500">
      <marc:subfield code="a">Auf der Titelseite: oben zugeschrieben von anderer Hand: "I Graduale /: Tu es Deus :/ pro Dom. Quinquagesima | auctore Haydn.", unten Stempel "Dar | Dr. Lud. Hornova." und die alte Signatur.</marc:subfield>
    </marc:datafield>
    <marc:datafield ind1=" " ind2=" " tag="500">
      <marc:subfield code="a">Datierung am Ende der Stimme vlne and vlc</marc:subfield>
    </marc:datafield>
    <marc:datafield ind1=" " ind2=" " tag="590">
      <marc:subfield code="a">Coro: S, A, T, B, vl 1, 2, vla, vlc and vlne, org (= b.fig)</marc:subfield>
      <marc:subfield code="b">2, 2, 2, 2, 2, 2, 2, 1, 2f.</marc:subfield>
      <marc:subfield code="8">01</marc:subfield>
    </marc:datafield>
    <marc:datafield ind1=" " ind2=" " tag="593">
      <marc:subfield code="a">Manuscript copy</marc:subfield>
      <marc:subfield code="b">Notated music</marc:subfield>
      <marc:subfield code="8">01</marc:subfield>
    </marc:datafield>
    <marc:datafield ind1=" " ind2=" " tag="593">
      <marc:subfield code="a">Manuscript copy</marc:subfield>
      <marc:subfield code="b">Notated music</marc:subfield>
      <marc:subfield code="8">02</marc:subfield>
    </marc:datafield>
    <marc:datafield ind1=" " ind2=" " tag="594">
      <marc:subfield code="b">Coro S</marc:subfield>
      <marc:subfield code="c">1</marc:subfield>
    </marc:datafield>
    <marc:datafield ind1=" " ind2=" " tag="594">
      <marc:subfield code="b">Coro A</marc:subfield>
      <marc:subfield code="c">1</marc:subfield>
    </marc:datafield>
    <marc:datafield ind1=" " ind2=" " tag="594">
      <marc:subfield code="b">Coro T</marc:subfield>
      <marc:subfield code="c">1</marc:subfield>
    </marc:datafield>
    <marc:datafield ind1=" " ind2=" " tag="594">
      <marc:subfield code="b">Coro B</marc:subfield>
      <marc:subfield code="c">1</marc:subfield>
    </marc:datafield>
    <marc:datafield ind1=" " ind2=" " tag="594">
      <marc:subfield code="b">vl</marc:subfield>
      <marc:subfield code="c">2</marc:subfield>
    </marc:datafield>
    <marc:datafield ind1=" " ind2=" " tag="594">
      <marc:subfield code="b">vla</marc:subfield>
      <marc:subfield code="c">1</marc:subfield>
    </marc:datafield>
    <marc:datafield ind1=" " ind2=" " tag="594">
      <marc:subfield code="b">vlc</marc:subfield>
      <marc:subfield code="c">1</marc:subfield>
    </marc:datafield>
    <marc:datafield ind1=" " ind2=" " tag="594">
      <marc:subfield code="b">vlne</marc:subfield>
      <marc:subfield code="c">1</marc:subfield>
    </marc:datafield>
    <marc:datafield ind1=" " ind2=" " tag="594">
      <marc:subfield code="b">org</marc:subfield>
      <marc:subfield code="c">1</marc:subfield>
    </marc:datafield>
    <marc:datafield ind1=" " ind2=" " tag="594">
      <marc:subfield code="a">Coro S, Coro A, Coro T, Coro B, vl (2), vla, vlc, vlne, org</marc:subfield>
    </marc:datafield>
    <marc:datafield ind1=" " ind2=" " tag="599">
      <marc:subfield code="b">full</marc:subfield>
    </marc:datafield>
    <marc:datafield ind1="1" ind2=" " tag="700">
      <marc:subfield code="a">Kolešovský, Zikmund Michal</marc:subfield>
      <marc:subfield code="d">1817-1868</marc:subfield>
      <marc:subfield code="j">Ascertained</marc:subfield>
      <marc:subfield code="0">30009218</marc:subfield>
      <marc:subfield code="4">scr</marc:subfield>
      <marc:subfield code="8">01</marc:subfield>
    </marc:datafield>
    <marc:datafield ind1="1" ind2=" " tag="700">
      <marc:subfield code="a">Hornov, Ludvík</marc:subfield>
      <marc:subfield code="d">1875-1938</marc:subfield>
      <marc:subfield code="j">Ascertained</marc:subfield>
      <marc:subfield code="0">30076700</marc:subfield>
      <marc:subfield code="4">fmo</marc:subfield>
    </marc:datafield>
    <marc:datafield ind1="0" ind2=" " tag="774">
      <marc:subfield code="a">Tůma, František Ignác - Perfice gressus meos - Coro, strings, org</marc:subfield>
      <marc:subfield code="w">551003277</marc:subfield>
    </marc:datafield>
    <marc:datafield ind1="0" ind2=" " tag="774">
      <marc:subfield code="a">Tůma, František Ignác - Benedictus es Domine doce me justificationes tuas - Coro, strings, org</marc:subfield>
      <marc:subfield code="w">551003278</marc:subfield>
    </marc:datafield>
    <marc:datafield ind1=" " ind2=" " tag="852">
      <marc:subfield code="a">CZ-Pu</marc:subfield>
      <marc:subfield code="c">59 R 1640</marc:subfield>
      <marc:subfield code="d">73</marc:subfield>
      <marc:subfield code="e">Národní knihovna České republiky</marc:subfield>
      <marc:subfield code="x">30000083</marc:subfield>
    </marc:datafield>
  </marc:record>