
  <marc:record>
    <marc:leader>00000nda a2200000 u 4500</marc:leader>
    <marc:controlfield tag="001">551003277</marc:controlfield>
    <marc:controlfield tag="003">DE-633</marc:controlfield>
    <marc:controlfield tag="005">20230206103053.0</marc:controlfield>
    <marc:datafield ind1=" " ind2=" " tag="031">
      <marc:subfield code="a">1</marc:subfield>
      <marc:subfield code="b">1</marc:subfield>
      <marc:subfield code="c">1</marc:subfield>
      <marc:subfield code="d">Largo</marc:subfield>
      <marc:subfield code="g">G-2</marc:subfield>
      <marc:subfield code="m">vl 1</marc:subfield>
      <marc:subfield code="o">c</marc:subfield>
      <marc:subfield code="p">8-'{A''CE}{AxGAE}/{FEFD}{EDEC}/</marc:subfield>
      <marc:subfield code="r">a</marc:subfield>
      <marc:subfield code="2">pe</marc:subfield>
    </marc:datafield>
    <marc:datafield ind1=" " ind2=" " tag="031">
      <marc:subfield code="a">1</marc:subfield>
      <marc:subfield code="b">1</marc:subfield>
      <marc:subfield code="c">2</marc:subfield>
      <marc:subfield code="g">G-2</marc:subfield>
      <marc:subfield code="m">S coro</marc:subfield>
      <marc:subfield code="o">c</marc:subfield>
      <marc:subfield code="p">=3/''4E8EE4CC/2'B4A-/2-8-''8E{nFE}/4.xD8D4D-/</marc:subfield>
      <marc:subfield code="r">a</marc:subfield>
      <marc:subfield code="t">Perfice gressus meos, in semitis tuis</marc:subfield>
      <marc:subfield code="2">pe</marc:subfield>
    </marc:datafield>
    <marc:datafield ind1=" " ind2=" " tag="031">
      <marc:subfield code="a">1</marc:subfield>
      <marc:subfield code="b">2</marc:subfield>
      <marc:subfield code="c">1</marc:subfield>
      <marc:subfield code="d">All[egr]o mod[era]to</marc:subfield>
      <marc:subfield code="g">G-2</marc:subfield>
      <marc:subfield code="m">vl 2</marc:subfield>
      <marc:subfield code="o">c</marc:subfield>
      <marc:subfield code="p">'4.A8A4xGA/2EE/8-{ExFxG}{AnG}{nF6ED}/</marc:subfield>
      <marc:subfield code="r">a</marc:subfield>
      <marc:subfield code="2">pe</marc:subfield>
    </marc:datafield>
    <marc:datafield ind1=" " ind2=" " tag="031">
      <marc:subfield code="a">1</marc:subfield>
      <marc:subfield code="b">2</marc:subfield>
      <marc:subfield code="c">2</marc:subfield>
      <marc:subfield code="g">G-2</marc:subfield>
      <marc:subfield code="m">S coro</marc:subfield>
      <marc:subfield code="o">c</marc:subfield>
      <marc:subfield code="p">=2/''4E8EE4xCD/'2AA/4A''D{8D6C'B}{''8C6'BA}/8BE</marc:subfield>
      <marc:subfield code="r">a</marc:subfield>
      <marc:subfield code="t">Inclina aurem tuam et exaudi verba mea</marc:subfield>
      <marc:subfield code="2">pe</marc:subfield>
    </marc:datafield>
    <marc:datafield ind1=" " ind2=" " tag="040">
      <marc:subfield code="a">DE-633</marc:subfield>
    </marc:datafield>
    <marc:datafield ind1=" " ind2=" " tag="041">
      <marc:subfield code="a">lat</marc:subfield>
    </marc:datafield>
    <marc:datafield ind1="1" ind2=" " tag="100">
      <marc:subfield code="a">Tůma, František Ignác</marc:subfield>
      <marc:subfield code="d">1704-1774</marc:subfield>
      <marc:subfield code="j">Ascertained</marc:subfield>
      <marc:subfield code="0">30003182</marc:subfield>
    </marc:datafield>
    <marc:datafield ind1="1" ind2="0" tag="240">
      <marc:subfield code="a">Perfice gressus meos</marc:subfield>
      <marc:subfield code="m">Coro, strings, org</marc:subfield>
      <marc:subfield code="r">a</marc:subfield>
      <marc:subfield code="0">3903401</marc:subfield>
    </marc:datafield>
    <marc:datafield ind1="1" ind2="0" tag="245">
      <marc:subfield code="a">[caption title:] I|m|u|m Offertorium. | Pro Dominica Sexagesimæ.</marc:subfield>
    </marc:datafield>
    <marc:datafield ind1=" " ind2=" " tag="300">
      <marc:subfield code="a">9 parts</marc:subfield>
      <marc:subfield code="8">01</marc:subfield>
    </marc:datafield>
    <marc:datafield ind1=" " ind2=" " tag="590">
      <marc:subfield code="a">Coro: S, A, T, B, vl 1, 2, vla, vlc and vlne, org (= b.fig)</marc:subfield>
      <marc:subfield code="b">f.1v-2r, 1v-2r, 1v-2r, 1v-2r, 1v-2r, 1v-2r, 1v-2r, 1r, 1v-2r</marc:subfield>
      <marc:subfield code="8">01</marc:subfield>
    </marc:datafield>
    <marc:datafield ind1=" " ind2=" " tag="593">
      <marc:subfield code="a">Manuscript copy</marc:subfield>
      <marc:subfield code="b">Notated music</marc:subfield>
      <marc:subfield code="8">01</marc:subfield>
    </marc:datafield>
    <marc:datafield ind1=" " ind2=" " tag="594">
      <marc:subfield code="b">Coro S</marc:subfield>
      <marc:subfield code="c">1</marc:subfield>
    </marc:datafield>
    <marc:datafield ind1=" " ind2=" " tag="594">
      <marc:subfield code="b">Coro A</marc:subfield>
      <marc:subfield code="c">1</marc:subfield>
    </marc:datafield>
    <marc:datafield ind1=" " ind2=" " tag="594">
      <marc:subfield code="b">Coro T</marc:subfield>
      <marc:subfield code="c">1</marc:subfield>
    </marc:datafield>
    <marc:datafield ind1=" " ind2=" " tag="594">
      <marc:subfield code="b">Coro B</marc:subfield>
      <marc:subfield code="c">1</marc:subfield>
    </marc:datafield>
    <marc:datafield ind1=" " ind2=" " tag="594">
      <marc:subfield code="b">vl</marc:subfield>
      <marc:subfield code="c">2</marc:subfield>
    </marc:datafield>
    <marc:datafield ind1=" " ind2=" " tag="594">
      <marc:subfield code="b">vla</marc:subfield>
      <marc:subfield code="c">1</marc:subfield>
    </marc:datafield>
    <marc:datafield ind1=" " ind2=" " tag="594">
      <marc:subfield code="b">vlc</marc:subfield>
      <marc:subfield code="c">1</marc:subfield>
    </marc:datafield>
    <marc:datafield ind1=" " ind2=" " tag="594">
      <marc:subfield code="b">vlne</marc:subfield>
      <marc:subfield code="c">1</marc:subfield>
    </marc:datafield>
    <marc:datafield ind1=" " ind2=" " tag="594">
      <marc:subfield code="b">org</marc:subfield>
      <marc:subfield code="c">1</marc:subfield>
    </marc:datafield>
    <marc:datafield ind1=" " ind2=" " tag="594">
      <marc:subfield code="a">Coro S, Coro A, Coro T, Coro B, vl (2), vla, vlc, vlne, org</marc:subfield>
    </marc:datafield>
    <marc:datafield ind1=" " ind2=" " tag="599">
      <marc:subfield code="b">full</marc:subfield>
    </marc:datafield>
    <marc:datafield ind1="0" ind2="0" tag="650">
      <marc:subfield code="a">Offertories</marc:subfield>
      <marc:subfield code="0">25242</marc:subfield>
    </marc:datafield>
    <marc:datafield ind1=" " ind2="7" tag="657">
      <marc:subfield code="a">Pentecostes, Dominica VI.</marc:subfield>
      <marc:subfield code="0">24437</marc:subfield>
    </marc:datafield>
    <marc:datafield ind1=" " ind2="7" tag="657">
      <marc:subfield code="a">Sexagesima, Dominica in</marc:subfield>
      <marc:subfield code="0">24581</marc:subfield>
    </marc:datafield>
    <marc:datafield ind1="1" ind2=" " tag="700">
      <marc:subfield code="a">Kolešovský, Zikmund Michal</marc:subfield>
      <marc:subfield code="d">1817-1868</marc:subfield>
      <marc:subfield code="j">Ascertained</marc:subfield>
      <marc:subfield code="0">30009218</marc:subfield>
      <marc:subfield code="4">scr</marc:subfield>
      <marc:subfield code="8">01</marc:subfield>
    </marc:datafield>
    <marc:datafield ind1="1" ind2=" " tag="700">
      <marc:subfield code="a">Hornov, Ludvík</marc:subfield>
      <marc:subfield code="d">1875-1938</marc:subfield>
      <marc:subfield code="j">Ascertained</marc:subfield>
      <marc:subfield code="0">30076700</marc:subfield>
      <marc:subfield code="4">fmo</marc:subfield>
    </marc:datafield>
    <marc:datafield ind1="0" ind2=" " tag="773">
      <marc:subfield code="a">Tůma, František Ignác - 2 Offertories - Coro, strings, org</marc:subfield>
      <marc:subfield code="w">551003276</marc:subfield>
    </marc:datafield>
    <marc:datafield ind1=" " ind2=" " tag="852">
      <marc:subfield code="a">CZ-Pu</marc:subfield>
      <marc:subfield code="c">59 R 1640</marc:subfield>
      <marc:subfield code="d">73</marc:subfield>
      <marc:subfield code="e">Národní knihovna České republiky</marc:subfield>
      <marc:subfield code="x">30000083</marc:subfield>
    </marc:datafield>
  </marc:record>