
  <marc:record>
    <marc:leader>00000ndm a2200000 u 4500</marc:leader>
    <marc:controlfield tag="001">553004058</marc:controlfield>
    <marc:controlfield tag="003">DE-633</marc:controlfield>
    <marc:controlfield tag="005">20230611072620.0</marc:controlfield>
    <marc:datafield ind1=" " ind2=" " tag="031">
      <marc:subfield code="a">1</marc:subfield>
      <marc:subfield code="b">1</marc:subfield>
      <marc:subfield code="c">1</marc:subfield>
      <marc:subfield code="d">Kyrie. Allegro</marc:subfield>
      <marc:subfield code="g">F-4</marc:subfield>
      <marc:subfield code="m">B</marc:subfield>
      <marc:subfield code="n">bBE</marc:subfield>
      <marc:subfield code="o">c</marc:subfield>
      <marc:subfield code="p">,4.B8B4.F8F/4.G{6GE}8DB{AF}/G{6FE}8D</marc:subfield>
      <marc:subfield code="r">B|b</marc:subfield>
      <marc:subfield code="t">Kyrie, eleison Christe eleison Kyrie eleison</marc:subfield>
      <marc:subfield code="2">pe</marc:subfield>
    </marc:datafield>
    <marc:datafield ind1=" " ind2=" " tag="031">
      <marc:subfield code="a">1</marc:subfield>
      <marc:subfield code="b">2</marc:subfield>
      <marc:subfield code="c">1</marc:subfield>
      <marc:subfield code="d">Gloria. Allegro</marc:subfield>
      <marc:subfield code="g">C-1</marc:subfield>
      <marc:subfield code="m">S</marc:subfield>
      <marc:subfield code="n">bBE</marc:subfield>
      <marc:subfield code="o">c</marc:subfield>
      <marc:subfield code="p">'8BBBA4B-/4.B8B8.A6A4A/AB</marc:subfield>
      <marc:subfield code="r">B|b</marc:subfield>
      <marc:subfield code="t">Et in terra pax, hominibus bonae voluntatis</marc:subfield>
      <marc:subfield code="2">pe</marc:subfield>
    </marc:datafield>
    <marc:datafield ind1=" " ind2=" " tag="031">
      <marc:subfield code="a">1</marc:subfield>
      <marc:subfield code="b">3</marc:subfield>
      <marc:subfield code="c">1</marc:subfield>
      <marc:subfield code="d">Credo. Andante</marc:subfield>
      <marc:subfield code="g">C-1</marc:subfield>
      <marc:subfield code="m">S</marc:subfield>
      <marc:subfield code="n">bBE</marc:subfield>
      <marc:subfield code="o">c</marc:subfield>
      <marc:subfield code="p">4'B8AAB{6''CD}4E/D-8C6CC8FC/DC'8.B6B4A</marc:subfield>
      <marc:subfield code="r">B|b</marc:subfield>
      <marc:subfield code="t">Patrem omnipotentem, factorem caeli et terrae</marc:subfield>
      <marc:subfield code="2">pe</marc:subfield>
    </marc:datafield>
    <marc:datafield ind1=" " ind2=" " tag="031">
      <marc:subfield code="a">1</marc:subfield>
      <marc:subfield code="b">4</marc:subfield>
      <marc:subfield code="c">1</marc:subfield>
      <marc:subfield code="d">Sanctus. Without tempo</marc:subfield>
      <marc:subfield code="g">C-1</marc:subfield>
      <marc:subfield code="m">S</marc:subfield>
      <marc:subfield code="n">bBE</marc:subfield>
      <marc:subfield code="o">c</marc:subfield>
      <marc:subfield code="p">''2DC/'4B-''2C/'B4A-/''2C+4C'B/2AG/</marc:subfield>
      <marc:subfield code="r">B|b</marc:subfield>
      <marc:subfield code="t">Sanctus, Dominus Deus Sabaoth</marc:subfield>
      <marc:subfield code="2">pe</marc:subfield>
    </marc:datafield>
    <marc:datafield ind1=" " ind2=" " tag="031">
      <marc:subfield code="a">1</marc:subfield>
      <marc:subfield code="b">5</marc:subfield>
      <marc:subfield code="c">1</marc:subfield>
      <marc:subfield code="d">Benedictus. Without tempo</marc:subfield>
      <marc:subfield code="g">G-2</marc:subfield>
      <marc:subfield code="m">vl 1</marc:subfield>
      <marc:subfield code="n">bBE</marc:subfield>
      <marc:subfield code="o">c</marc:subfield>
      <marc:subfield code="p">'{8G6BA}{8GxF}{GD}{6D''DDD}/{D'E8''C+}{6CCCC}{C'D8B+}{6BBBB}/</marc:subfield>
      <marc:subfield code="r">g</marc:subfield>
      <marc:subfield code="2">pe</marc:subfield>
    </marc:datafield>
    <marc:datafield ind1=" " ind2=" " tag="031">
      <marc:subfield code="a">1</marc:subfield>
      <marc:subfield code="b">5</marc:subfield>
      <marc:subfield code="c">2</marc:subfield>
      <marc:subfield code="d">Without tempo</marc:subfield>
      <marc:subfield code="g">F-4</marc:subfield>
      <marc:subfield code="m">B</marc:subfield>
      <marc:subfield code="n">bBE</marc:subfield>
      <marc:subfield code="o">c</marc:subfield>
      <marc:subfield code="p">=4/,8G{6BA}8GxFGD-G/{8.E3DC}{6FEDC}8D,,B-,E/</marc:subfield>
      <marc:subfield code="r">g</marc:subfield>
      <marc:subfield code="t">Benedictus, qui venit in nomine Domini hosanna in excelsis</marc:subfield>
      <marc:subfield code="2">pe</marc:subfield>
    </marc:datafield>
    <marc:datafield ind1=" " ind2=" " tag="031">
      <marc:subfield code="a">1</marc:subfield>
      <marc:subfield code="b">6</marc:subfield>
      <marc:subfield code="c">1</marc:subfield>
      <marc:subfield code="d">Agnus. Without tempo</marc:subfield>
      <marc:subfield code="g">C-4</marc:subfield>
      <marc:subfield code="m">T</marc:subfield>
      <marc:subfield code="n">bBE</marc:subfield>
      <marc:subfield code="o">c</marc:subfield>
      <marc:subfield code="p">'4.D8D4C8CC/,4BB2-/4-'D2,nB/4'C</marc:subfield>
      <marc:subfield code="r">B|b</marc:subfield>
      <marc:subfield code="t">Agnus Dei, qui tollis peccata mundi miserere nobis</marc:subfield>
      <marc:subfield code="2">pe</marc:subfield>
    </marc:datafield>
    <marc:datafield ind1=" " ind2=" " tag="040">
      <marc:subfield code="a">DE-633</marc:subfield>
    </marc:datafield>
    <marc:datafield ind1=" " ind2=" " tag="041">
      <marc:subfield code="a">lat</marc:subfield>
    </marc:datafield>
    <marc:datafield ind1="1" ind2=" " tag="100">
      <marc:subfield code="a">Tůma, František Ignác</marc:subfield>
      <marc:subfield code="d">1704-1774</marc:subfield>
      <marc:subfield code="0">30003182</marc:subfield>
    </marc:datafield>
    <marc:datafield ind1="1" ind2="0" tag="240">
      <marc:subfield code="a">Masses</marc:subfield>
      <marc:subfield code="m">V (4), strings, org</marc:subfield>
      <marc:subfield code="n">MacM deest</marc:subfield>
      <marc:subfield code="r">B|b</marc:subfield>
      <marc:subfield code="0">3900051</marc:subfield>
    </marc:datafield>
    <marc:datafield ind1="1" ind2="0" tag="245">
      <marc:subfield code="a">[cover title:] MISSA in B | S: Ruperti Episcopi | à | Canto | Alto | Tenore | Basso | Violino Primo | Violino Secundo | Organo | et | Violone | Authore Francisco Tuma | Pro Choro Mariano Dubensi procuravit, et | donavit Joannes Kops Capellanus Dubae mpria</marc:subfield>
    </marc:datafield>
    <marc:datafield ind1=" " ind2=" " tag="260">
      <marc:subfield code="c">1769 (1769a)</marc:subfield>
      <marc:subfield code="8">01</marc:subfield>
    </marc:datafield>
    <marc:datafield ind1=" " ind2=" " tag="300">
      <marc:subfield code="a">8 parts</marc:subfield>
      <marc:subfield code="c">21 (20,5) x 33 (16) cm</marc:subfield>
      <marc:subfield code="8">01</marc:subfield>
    </marc:datafield>
    <marc:datafield ind1=" " ind2=" " tag="500">
      <marc:subfield code="a">vlne missing</marc:subfield>
      <marc:subfield code="8">01</marc:subfield>
    </marc:datafield>
    <marc:datafield ind1=" " ind2=" " tag="500">
      <marc:subfield code="a">Comment on scoring: bc: org, vlc, vlne</marc:subfield>
    </marc:datafield>
    <marc:datafield ind1=" " ind2=" " tag="518">
      <marc:subfield code="a">Performance date: 24.01.1769</marc:subfield>
    </marc:datafield>
    <marc:datafield ind1=" " ind2=" " tag="518">
      <marc:subfield code="a">Performance date: 29.11.1769</marc:subfield>
    </marc:datafield>
    <marc:datafield ind1=" " ind2=" " tag="518">
      <marc:subfield code="a">Performance date: 07.06.1781</marc:subfield>
    </marc:datafield>
    <marc:datafield ind1=" " ind2=" " tag="518">
      <marc:subfield code="a">Performance date: 12.11.1782</marc:subfield>
    </marc:datafield>
    <marc:datafield ind1=" " ind2=" " tag="518">
      <marc:subfield code="a">Performance date: 27.08.1783</marc:subfield>
    </marc:datafield>
    <marc:datafield ind1=" " ind2=" " tag="561">
      <marc:subfield code="a">Kostel P. Marie, Dub nad Moravou</marc:subfield>
    </marc:datafield>
    <marc:datafield ind1=" " ind2=" " tag="590">
      <marc:subfield code="a">S, A, T, B, vl 1, 2, vlc, org</marc:subfield>
      <marc:subfield code="b">3, 3, 3, 3, 2, 3, 2, 2f.</marc:subfield>
      <marc:subfield code="8">01</marc:subfield>
    </marc:datafield>
    <marc:datafield ind1=" " ind2=" " tag="593">
      <marc:subfield code="a">Manuscript copy</marc:subfield>
      <marc:subfield code="b">Notated music</marc:subfield>
      <marc:subfield code="8">01</marc:subfield>
    </marc:datafield>
    <marc:datafield ind1=" " ind2=" " tag="594">
      <marc:subfield code="b">S</marc:subfield>
      <marc:subfield code="c">1</marc:subfield>
    </marc:datafield>
    <marc:datafield ind1=" " ind2=" " tag="594">
      <marc:subfield code="b">A</marc:subfield>
      <marc:subfield code="c">1</marc:subfield>
    </marc:datafield>
    <marc:datafield ind1=" " ind2=" " tag="594">
      <marc:subfield code="b">T</marc:subfield>
      <marc:subfield code="c">1</marc:subfield>
    </marc:datafield>
    <marc:datafield ind1=" " ind2=" " tag="594">
      <marc:subfield code="b">B</marc:subfield>
      <marc:subfield code="c">1</marc:subfield>
    </marc:datafield>
    <marc:datafield ind1=" " ind2=" " tag="594">
      <marc:subfield code="b">vl</marc:subfield>
      <marc:subfield code="c">2</marc:subfield>
    </marc:datafield>
    <marc:datafield ind1=" " ind2=" " tag="594">
      <marc:subfield code="b">vlc</marc:subfield>
      <marc:subfield code="c">1</marc:subfield>
    </marc:datafield>
    <marc:datafield ind1=" " ind2=" " tag="594">
      <marc:subfield code="b">vlne</marc:subfield>
      <marc:subfield code="c">1</marc:subfield>
    </marc:datafield>
    <marc:datafield ind1=" " ind2=" " tag="594">
      <marc:subfield code="b">org</marc:subfield>
      <marc:subfield code="c">1</marc:subfield>
    </marc:datafield>
    <marc:datafield ind1=" " ind2=" " tag="594">
      <marc:subfield code="a">S, A, T, B, vl (2), vlc, vlne, org</marc:subfield>
    </marc:datafield>
    <marc:datafield ind1=" " ind2=" " tag="599">
      <marc:subfield code="b">full</marc:subfield>
    </marc:datafield>
    <marc:datafield ind1="0" ind2="0" tag="650">
      <marc:subfield code="a">Masses</marc:subfield>
      <marc:subfield code="0">25133</marc:subfield>
    </marc:datafield>
    <marc:datafield ind1=" " ind2="7" tag="657">
      <marc:subfield code="a">Ruperti Episcopi</marc:subfield>
      <marc:subfield code="0">3011428</marc:subfield>
    </marc:datafield>
    <marc:datafield ind1=" " ind2=" " tag="690">
      <marc:subfield code="a">MacM</marc:subfield>
      <marc:subfield code="n">deest</marc:subfield>
      <marc:subfield code="0">641</marc:subfield>
    </marc:datafield>
    <marc:datafield ind1=" " ind2=" " tag="691">
      <marc:subfield code="a">StrakováO 1968-1969</marc:subfield>
      <marc:subfield code="n"/>
      <marc:subfield code="0">30000105</marc:subfield>
    </marc:datafield>
    <marc:datafield ind1="1" ind2=" " tag="700">
      <marc:subfield code="a">Kops, Jan</marc:subfield>
      <marc:subfield code="0">30061560</marc:subfield>
      <marc:subfield code="4">scr</marc:subfield>
      <marc:subfield code="8">01</marc:subfield>
    </marc:datafield>
    <marc:datafield ind1="1" ind2=" " tag="710">
      <marc:subfield code="a">Kostel P. Marie</marc:subfield>
      <marc:subfield code="c">Dub nad Moravou</marc:subfield>
      <marc:subfield code="0">30047830</marc:subfield>
      <marc:subfield code="4">fmo</marc:subfield>
    </marc:datafield>
    <marc:datafield ind1=" " ind2=" " tag="852">
      <marc:subfield code="a">CZ-Bm</marc:subfield>
      <marc:subfield code="c">A 14652</marc:subfield>
      <marc:subfield code="d">Nro 33</marc:subfield>
      <marc:subfield code="d">N 191</marc:subfield>
      <marc:subfield code="d">C N:40</marc:subfield>
      <marc:subfield code="e">Moravské zemské muzeum, oddělení dějin hudby</marc:subfield>
      <marc:subfield code="x">30000015</marc:subfield>
    </marc:datafield>
  </marc:record>