
  <marc:record>
    <marc:leader>00000ndm a2200000 u 4500</marc:leader>
    <marc:controlfield tag="001">553014638</marc:controlfield>
    <marc:controlfield tag="003">DE-633</marc:controlfield>
    <marc:controlfield tag="005">20230703084121.0</marc:controlfield>
    <marc:datafield ind1=" " ind2=" " tag="031">
      <marc:subfield code="a">1</marc:subfield>
      <marc:subfield code="b">1</marc:subfield>
      <marc:subfield code="c">1</marc:subfield>
      <marc:subfield code="d">Adagio</marc:subfield>
      <marc:subfield code="g">G-2</marc:subfield>
      <marc:subfield code="m">vl 1</marc:subfield>
      <marc:subfield code="n">bBEA</marc:subfield>
      <marc:subfield code="o">3/4</marc:subfield>
      <marc:subfield code="p">''6C/4C'C8-'G/{AG}{''C'nB}{''ED}/2.G+/G+/4G{FEDC}/</marc:subfield>
      <marc:subfield code="r">c</marc:subfield>
      <marc:subfield code="2">pe</marc:subfield>
    </marc:datafield>
    <marc:datafield ind1=" " ind2=" " tag="040">
      <marc:subfield code="a">BOA001</marc:subfield>
      <marc:subfield code="b">cze</marc:subfield>
      <marc:subfield code="c">DE-633</marc:subfield>
    </marc:datafield>
    <marc:datafield ind1=" " ind2=" " tag="040">
      <marc:subfield code="a">CZ-Bu</marc:subfield>
      <marc:subfield code="c">DE-633</marc:subfield>
    </marc:datafield>
    <marc:datafield ind1="1" ind2=" " tag="100">
      <marc:subfield code="a">Tůma, František Ignác</marc:subfield>
      <marc:subfield code="d">1704-1774</marc:subfield>
      <marc:subfield code="j">Ascertained</marc:subfield>
      <marc:subfield code="0">30003182</marc:subfield>
    </marc:datafield>
    <marc:datafield ind1="1" ind2="0" tag="240">
      <marc:subfield code="a">Sonatas</marc:subfield>
      <marc:subfield code="m">vl (2), b</marc:subfield>
      <marc:subfield code="r">c</marc:subfield>
      <marc:subfield code="0">3900185</marc:subfield>
    </marc:datafield>
    <marc:datafield ind1="1" ind2="0" tag="245">
      <marc:subfield code="a">[vl 1:] Sonata III | a Tre | Violino Primo | Violino Secondo | con | Basso. | Del Sig|r|e Francesco Tuma.</marc:subfield>
    </marc:datafield>
    <marc:datafield ind1=" " ind2=" " tag="260">
      <marc:subfield code="c">1952</marc:subfield>
      <marc:subfield code="8">01</marc:subfield>
    </marc:datafield>
    <marc:datafield ind1=" " ind2=" " tag="300">
      <marc:subfield code="a">3 parts</marc:subfield>
      <marc:subfield code="c">33 cm</marc:subfield>
      <marc:subfield code="8">01</marc:subfield>
    </marc:datafield>
    <marc:datafield ind1=" " ind2=" " tag="500">
      <marc:subfield code="a">Mikrofilmová předloha: VI Sonate a Tre [Signatura:] Skř.17-0525.538</marc:subfield>
    </marc:datafield>
    <marc:datafield ind1=" " ind2=" " tag="500">
      <marc:subfield code="a">Na konci partu basso: 27.II.1952 Dr. Ant. Němec (podpis)</marc:subfield>
    </marc:datafield>
    <marc:datafield ind1=" " ind2=" " tag="561">
      <marc:subfield code="a">[blue stamp, title page:] "Hudební Archiv / Dr. A. Němce Praha / Sign. 655"</marc:subfield>
    </marc:datafield>
    <marc:datafield ind1=" " ind2=" " tag="590">
      <marc:subfield code="a">vl 1, 2, b</marc:subfield>
      <marc:subfield code="b">5, 4, 4 p.</marc:subfield>
      <marc:subfield code="8">01</marc:subfield>
    </marc:datafield>
    <marc:datafield ind1=" " ind2=" " tag="591">
      <marc:subfield code="a">Skř.17-0525.538</marc:subfield>
    </marc:datafield>
    <marc:datafield ind1=" " ind2=" " tag="593">
      <marc:subfield code="a">Manuscript copy</marc:subfield>
      <marc:subfield code="b">Notated music</marc:subfield>
      <marc:subfield code="8">01</marc:subfield>
    </marc:datafield>
    <marc:datafield ind1=" " ind2=" " tag="594">
      <marc:subfield code="b">vl</marc:subfield>
      <marc:subfield code="c">2</marc:subfield>
    </marc:datafield>
    <marc:datafield ind1=" " ind2=" " tag="594">
      <marc:subfield code="b">b</marc:subfield>
      <marc:subfield code="c">1</marc:subfield>
    </marc:datafield>
    <marc:datafield ind1=" " ind2=" " tag="594">
      <marc:subfield code="a">vl (2), b</marc:subfield>
    </marc:datafield>
    <marc:datafield ind1=" " ind2=" " tag="599">
      <marc:subfield code="b">full</marc:subfield>
    </marc:datafield>
    <marc:datafield ind1="0" ind2="7" tag="650">
      <marc:subfield code="a">Trio sonatas</marc:subfield>
      <marc:subfield code="0">3901022</marc:subfield>
    </marc:datafield>
    <marc:datafield ind1="1" ind2=" " tag="700">
      <marc:subfield code="a">Němec, Antonín</marc:subfield>
      <marc:subfield code="d">1894-1958</marc:subfield>
      <marc:subfield code="j">Ascertained</marc:subfield>
      <marc:subfield code="0">41007240</marc:subfield>
      <marc:subfield code="4">scr</marc:subfield>
    </marc:datafield>
    <marc:datafield ind1="1" ind2=" " tag="700">
      <marc:subfield code="a">Němec, Antonín</marc:subfield>
      <marc:subfield code="d">1894-1958</marc:subfield>
      <marc:subfield code="j">Ascertained</marc:subfield>
      <marc:subfield code="0">41007240</marc:subfield>
      <marc:subfield code="4">fmo</marc:subfield>
    </marc:datafield>
    <marc:datafield ind1=" " ind2=" " tag="852">
      <marc:subfield code="a">CZ-Bu</marc:subfield>
      <marc:subfield code="c">RKPMus-0450.216</marc:subfield>
      <marc:subfield code="e">Moravská zemská knihovna v Brně  </marc:subfield>
      <marc:subfield code="x">30000561</marc:subfield>
    </marc:datafield>
    <marc:datafield ind1=" " ind2=" " tag="856">
      <marc:subfield code="u">http://audioserver.mzk.cz/incipity/png/001254502_01_01_01.png</marc:subfield>
      <marc:subfield code="x">Other</marc:subfield>
      <marc:subfield code="z">Zobrazení hudebního incipitu</marc:subfield>
    </marc:datafield>
    <marc:datafield ind1=" " ind2=" " tag="856">
      <marc:subfield code="u">http://imageserver.mzk.cz/mzk01/001/254/502/2619480483</marc:subfield>
      <marc:subfield code="x">Other</marc:subfield>
      <marc:subfield code="z">Titulní list (klikněte pro zobrazení)</marc:subfield>
    </marc:datafield>
    <marc:datafield ind1=" " ind2=" " tag="856">
      <marc:subfield code="u">https://vufind.mzk.cz/Record/MZK01-001254502</marc:subfield>
      <marc:subfield code="x">Other</marc:subfield>
      <marc:subfield code="z">Original catalogue entry</marc:subfield>
    </marc:datafield>
  </marc:record>