
  <marc:record>
    <marc:leader>00000ndm a2200000 u 4500</marc:leader>
    <marc:controlfield tag="001">553015047</marc:controlfield>
    <marc:controlfield tag="003">DE-633</marc:controlfield>
    <marc:controlfield tag="005">20221016115249.0</marc:controlfield>
    <marc:datafield ind1=" " ind2=" " tag="031">
      <marc:subfield code="a">1</marc:subfield>
      <marc:subfield code="b">1</marc:subfield>
      <marc:subfield code="c">1</marc:subfield>
      <marc:subfield code="d">Adagio</marc:subfield>
      <marc:subfield code="g">G-2</marc:subfield>
      <marc:subfield code="m">vl 1</marc:subfield>
      <marc:subfield code="o">c</marc:subfield>
      <marc:subfield code="p">{'8G6bAG}{AGAG}''2C+/4C6bDCDC}'4.nB8bB/</marc:subfield>
      <marc:subfield code="r">c</marc:subfield>
      <marc:subfield code="2">pe</marc:subfield>
    </marc:datafield>
    <marc:datafield ind1=" " ind2=" " tag="040">
      <marc:subfield code="a">BOA001</marc:subfield>
      <marc:subfield code="b">cze</marc:subfield>
      <marc:subfield code="c">DE-633</marc:subfield>
    </marc:datafield>
    <marc:datafield ind1=" " ind2=" " tag="040">
      <marc:subfield code="a">CZ-Bu</marc:subfield>
      <marc:subfield code="c">DE-633</marc:subfield>
    </marc:datafield>
    <marc:datafield ind1="0" ind2=" " tag="041">
      <marc:subfield code="a">lat</marc:subfield>
    </marc:datafield>
    <marc:datafield ind1="1" ind2=" " tag="100">
      <marc:subfield code="a">Tůma, František Ignác</marc:subfield>
      <marc:subfield code="d">1704-1774</marc:subfield>
      <marc:subfield code="j">Ascertained</marc:subfield>
      <marc:subfield code="0">30003182</marc:subfield>
    </marc:datafield>
    <marc:datafield ind1="1" ind2="0" tag="240">
      <marc:subfield code="a">Requiems</marc:subfield>
      <marc:subfield code="m">Coro, orch</marc:subfield>
      <marc:subfield code="r">c</marc:subfield>
      <marc:subfield code="0">3900193</marc:subfield>
    </marc:datafield>
    <marc:datafield ind1="1" ind2="0" tag="245">
      <marc:subfield code="a">Requiem</marc:subfield>
    </marc:datafield>
    <marc:datafield ind1=" " ind2=" " tag="260">
      <marc:subfield code="c">1956</marc:subfield>
      <marc:subfield code="8">01</marc:subfield>
    </marc:datafield>
    <marc:datafield ind1=" " ind2=" " tag="300">
      <marc:subfield code="a">1 score: 62 p. </marc:subfield>
      <marc:subfield code="8">01</marc:subfield>
    </marc:datafield>
    <marc:datafield ind1=" " ind2=" " tag="500">
      <marc:subfield code="a">Identifizierung nach RISM ID no. 600178674. (A-KR, Signatur D 41/11)</marc:subfield>
    </marc:datafield>
    <marc:datafield ind1=" " ind2=" " tag="500">
      <marc:subfield code="a">Na tit. s. nahoře: Nálepka: Museum Regni Bohemiae IX.C.33</marc:subfield>
    </marc:datafield>
    <marc:datafield ind1=" " ind2=" " tag="500">
      <marc:subfield code="a">Etikett auf der Titelseite oben: "Museum Regni Bohemiae IX.C.33"</marc:subfield>
    </marc:datafield>
    <marc:datafield ind1=" " ind2=" " tag="500">
      <marc:subfield code="a">Na konci partitury "Jaroslav Ušák v Hostivici, 14. října 1956"</marc:subfield>
    </marc:datafield>
    <marc:datafield ind1=" " ind2=" " tag="500">
      <marc:subfield code="a">Datierung und Namensvermerk am Ende der Partitur: "Jaroslav Ušák v Hostivici, 14. října 1956"</marc:subfield>
    </marc:datafield>
    <marc:datafield ind1=" " ind2=" " tag="500">
      <marc:subfield code="a">Signatura IX.C.33 pochází z Muzea české hudby z pozůstalosti Ondřeje Horníka.</marc:subfield>
    </marc:datafield>
    <marc:datafield ind1=" " ind2=" " tag="500">
      <marc:subfield code="a">Die alte Signatur IX.C.33 stammt aus dem Nachlass von Ondřej Horník (später Museum für tschechische Musik).</marc:subfield>
    </marc:datafield>
    <marc:datafield ind1=" " ind2=" " tag="593">
      <marc:subfield code="a">Manuscript copy</marc:subfield>
      <marc:subfield code="b">Notated music</marc:subfield>
      <marc:subfield code="8">01</marc:subfield>
    </marc:datafield>
    <marc:datafield ind1=" " ind2=" " tag="594">
      <marc:subfield code="b">Coro</marc:subfield>
    </marc:datafield>
    <marc:datafield ind1=" " ind2=" " tag="594">
      <marc:subfield code="b">orch</marc:subfield>
    </marc:datafield>
    <marc:datafield ind1=" " ind2=" " tag="594">
      <marc:subfield code="a">Coro, orch</marc:subfield>
    </marc:datafield>
    <marc:datafield ind1=" " ind2=" " tag="599">
      <marc:subfield code="b">full</marc:subfield>
    </marc:datafield>
    <marc:datafield ind1="0" ind2="7" tag="650">
      <marc:subfield code="a">Requiems</marc:subfield>
      <marc:subfield code="0">25134</marc:subfield>
    </marc:datafield>
    <marc:datafield ind1="1" ind2=" " tag="700">
      <marc:subfield code="a">Ušák, Jaroslav</marc:subfield>
      <marc:subfield code="d">1891-1965</marc:subfield>
      <marc:subfield code="0">41007915</marc:subfield>
      <marc:subfield code="4">oth</marc:subfield>
    </marc:datafield>
    <marc:datafield ind1="1" ind2=" " tag="700">
      <marc:subfield code="a">Horník, Ondřej</marc:subfield>
      <marc:subfield code="d">1864-1917</marc:subfield>
      <marc:subfield code="j">Ascertained</marc:subfield>
      <marc:subfield code="0">30092692</marc:subfield>
      <marc:subfield code="4">fmo</marc:subfield>
    </marc:datafield>
    <marc:datafield ind1="2" ind2=" " tag="710">
      <marc:subfield code="a">Museum Regni Bohemiae</marc:subfield>
      <marc:subfield code="0">30079182</marc:subfield>
      <marc:subfield code="4">fmo</marc:subfield>
    </marc:datafield>
    <marc:datafield ind1=" " ind2=" " tag="852">
      <marc:subfield code="a">CZ-Bu</marc:subfield>
      <marc:subfield code="c">RKPMus-0538.954</marc:subfield>
      <marc:subfield code="d">IX.C.33</marc:subfield>
      <marc:subfield code="e">Moravská zemská knihovna v Brně  </marc:subfield>
      <marc:subfield code="x">30000561</marc:subfield>
    </marc:datafield>
    <marc:datafield ind1=" " ind2=" " tag="856">
      <marc:subfield code="u">https://vufind.mzk.cz/Record/MZK01-001262751</marc:subfield>
      <marc:subfield code="x">Other</marc:subfield>
      <marc:subfield code="z">Original catalogue entry</marc:subfield>
    </marc:datafield>
  </marc:record>