
  <marc:record>
    <marc:leader>00000ndm a2200000 u 4500</marc:leader>
    <marc:controlfield tag="001">600077633</marc:controlfield>
    <marc:controlfield tag="003">DE-633</marc:controlfield>
    <marc:controlfield tag="005">20230123121535.0</marc:controlfield>
    <marc:datafield ind1=" " ind2=" " tag="031">
      <marc:subfield code="a">1</marc:subfield>
      <marc:subfield code="b">1</marc:subfield>
      <marc:subfield code="c">1</marc:subfield>
      <marc:subfield code="d">Kyrie. Allegro</marc:subfield>
      <marc:subfield code="g">F-4</marc:subfield>
      <marc:subfield code="m">Coro B</marc:subfield>
      <marc:subfield code="n">bB</marc:subfield>
      <marc:subfield code="o">c</marc:subfield>
      <marc:subfield code="p">,4.A8A4BxC/{8DE}F6{ED}2Et/4D-2-/1-/2-4.E8E/4.F,,8xG{AB},C,,6{BA}/2B4A-/=2/</marc:subfield>
      <marc:subfield code="r">d</marc:subfield>
      <marc:subfield code="2">pe</marc:subfield>
    </marc:datafield>
    <marc:datafield ind1=" " ind2=" " tag="040">
      <marc:subfield code="a">DE-633</marc:subfield>
    </marc:datafield>
    <marc:datafield ind1=" " ind2=" " tag="041">
      <marc:subfield code="a">lat</marc:subfield>
    </marc:datafield>
    <marc:datafield ind1="1" ind2=" " tag="100">
      <marc:subfield code="a">Tůma, František Ignác</marc:subfield>
      <marc:subfield code="d">1704-1774</marc:subfield>
      <marc:subfield code="j">Verified</marc:subfield>
      <marc:subfield code="0">30003182</marc:subfield>
    </marc:datafield>
    <marc:datafield ind1="1" ind2="0" tag="240">
      <marc:subfield code="a">Masses</marc:subfield>
      <marc:subfield code="m">Coro, strings, org</marc:subfield>
      <marc:subfield code="n">PesT 35f</marc:subfield>
      <marc:subfield code="r">d</marc:subfield>
      <marc:subfield code="0">3900051</marc:subfield>
    </marc:datafield>
    <marc:datafield ind1="1" ind2="0" tag="245">
      <marc:subfield code="a">[cover] Ex Dm: | MISSA | â 4: | Soprano. | Alto. | Tenore. | Basso. | { in conc: | 2 Violini. | 2 Violae. | Violone con Organo | Ex rebus Reverendissimi ac Amplissimi | Domini Domini Alani Abbatis Hilar[iensis] [by later hand, with pencil:] 1757 | [by first hand:] Del Sig[nor]e Thuma.</marc:subfield>
    </marc:datafield>
    <marc:datafield ind1=" " ind2=" " tag="260">
      <marc:subfield code="c">1757</marc:subfield>
      <marc:subfield code="8">01</marc:subfield>
    </marc:datafield>
    <marc:datafield ind1=" " ind2=" " tag="300">
      <marc:subfield code="a">10 parts</marc:subfield>
      <marc:subfield code="c">31,5 x 20 cm</marc:subfield>
      <marc:subfield code="8">01</marc:subfield>
    </marc:datafield>
    <marc:datafield ind1=" " ind2=" " tag="300">
      <marc:subfield code="a">1 part</marc:subfield>
      <marc:subfield code="c">32 x 20,5 cm</marc:subfield>
      <marc:subfield code="8">02</marc:subfield>
    </marc:datafield>
    <marc:datafield ind1=" " ind2=" " tag="500">
      <marc:subfield code="a">Schreibervermerk in Coro B: "[getilgt:] Descripisit Simon Anton [nicht getilgt:]Weyss. [getilgt:] [...] in Hilaria [nicht getilgt:] 1757", in Coro T: "[getilgt: ...] Weyss. Bassist in Closter Wilhering. â 1757", in Coro A: "[getilgt: ...] Weyss Bassist [getilgt:...]", in Coro S ":D. J. J. W: 757 disc. in W"</marc:subfield>
    </marc:datafield>
    <marc:datafield ind1=" " ind2=" " tag="500">
      <marc:subfield code="a">State of preservation: gut</marc:subfield>
      <marc:subfield code="8">01</marc:subfield>
    </marc:datafield>
    <marc:datafield ind1=" " ind2=" " tag="500">
      <marc:subfield code="a">Datierung: 1840-1860</marc:subfield>
      <marc:subfield code="8">02</marc:subfield>
    </marc:datafield>
    <marc:datafield ind1=" " ind2=" " tag="518">
      <marc:subfield code="a">Performance date: 1860 [In festo Ascensionem [!] Beatae Mariae Virginis] [In festo Ascensionem [!] Beatae Mariae Virginis]</marc:subfield>
    </marc:datafield>
    <marc:datafield ind1=" " ind2=" " tag="518">
      <marc:subfield code="a">Performance date: 1861 [Heilige drei Könige] [Heilige drei Könige]</marc:subfield>
    </marc:datafield>
    <marc:datafield ind1=" " ind2=" " tag="590">
      <marc:subfield code="a">Coro S, Coro A, Coro T, Coro B, vl 1, 2, vla 1, 2, vlne, org</marc:subfield>
      <marc:subfield code="b">7, 6, 6, 6, 5, 5, 4, 4, 4, 8p.</marc:subfield>
      <marc:subfield code="8">01</marc:subfield>
    </marc:datafield>
    <marc:datafield ind1=" " ind2=" " tag="590">
      <marc:subfield code="a">clno 1 and 2</marc:subfield>
      <marc:subfield code="b">2p.</marc:subfield>
      <marc:subfield code="8">02</marc:subfield>
    </marc:datafield>
    <marc:datafield ind1=" " ind2=" " tag="592">
      <marc:subfield code="a">[man with scales and sword]</marc:subfield>
      <marc:subfield code="8">01</marc:subfield>
    </marc:datafield>
    <marc:datafield ind1=" " ind2=" " tag="592">
      <marc:subfield code="a">[without watermark]</marc:subfield>
      <marc:subfield code="8">02</marc:subfield>
    </marc:datafield>
    <marc:datafield ind1=" " ind2=" " tag="593">
      <marc:subfield code="a">Manuscript copy</marc:subfield>
      <marc:subfield code="b">Notated music</marc:subfield>
      <marc:subfield code="8">01</marc:subfield>
    </marc:datafield>
    <marc:datafield ind1=" " ind2=" " tag="593">
      <marc:subfield code="a">Manuscript copy</marc:subfield>
      <marc:subfield code="b">Notated music</marc:subfield>
      <marc:subfield code="8">02</marc:subfield>
    </marc:datafield>
    <marc:datafield ind1=" " ind2=" " tag="594">
      <marc:subfield code="b">Coro S</marc:subfield>
      <marc:subfield code="c">1</marc:subfield>
    </marc:datafield>
    <marc:datafield ind1=" " ind2=" " tag="594">
      <marc:subfield code="b">Coro A</marc:subfield>
      <marc:subfield code="c">1</marc:subfield>
    </marc:datafield>
    <marc:datafield ind1=" " ind2=" " tag="594">
      <marc:subfield code="b">Coro T</marc:subfield>
      <marc:subfield code="c">1</marc:subfield>
    </marc:datafield>
    <marc:datafield ind1=" " ind2=" " tag="594">
      <marc:subfield code="b">Coro B</marc:subfield>
      <marc:subfield code="c">1</marc:subfield>
    </marc:datafield>
    <marc:datafield ind1=" " ind2=" " tag="594">
      <marc:subfield code="b">vl</marc:subfield>
      <marc:subfield code="c">2</marc:subfield>
    </marc:datafield>
    <marc:datafield ind1=" " ind2=" " tag="594">
      <marc:subfield code="b">vla</marc:subfield>
      <marc:subfield code="c">2</marc:subfield>
    </marc:datafield>
    <marc:datafield ind1=" " ind2=" " tag="594">
      <marc:subfield code="b">vlne</marc:subfield>
      <marc:subfield code="c">1</marc:subfield>
    </marc:datafield>
    <marc:datafield ind1=" " ind2=" " tag="594">
      <marc:subfield code="b">org</marc:subfield>
      <marc:subfield code="c">1</marc:subfield>
    </marc:datafield>
    <marc:datafield ind1=" " ind2=" " tag="594">
      <marc:subfield code="a">Coro S, Coro A, Coro T, Coro B, vl (2), vla (2), vlne, org</marc:subfield>
    </marc:datafield>
    <marc:datafield ind1=" " ind2=" " tag="599">
      <marc:subfield code="b">full</marc:subfield>
    </marc:datafield>
    <marc:datafield ind1="0" ind2="0" tag="650">
      <marc:subfield code="a">Masses</marc:subfield>
      <marc:subfield code="0">25133</marc:subfield>
    </marc:datafield>
    <marc:datafield ind1=" " ind2=" " tag="690">
      <marc:subfield code="a">PesT</marc:subfield>
      <marc:subfield code="n">35f</marc:subfield>
      <marc:subfield code="0">304</marc:subfield>
    </marc:datafield>
    <marc:datafield ind1="1" ind2=" " tag="700">
      <marc:subfield code="a">Weiß, Simon Anton</marc:subfield>
      <marc:subfield code="d">1730c-1782</marc:subfield>
      <marc:subfield code="j">Verified</marc:subfield>
      <marc:subfield code="0">30005700</marc:subfield>
      <marc:subfield code="4">scr</marc:subfield>
      <marc:subfield code="8">01</marc:subfield>
    </marc:datafield>
    <marc:datafield ind1="1" ind2=" " tag="700">
      <marc:subfield code="a">Aichinger, Alan</marc:subfield>
      <marc:subfield code="d">1705-1780</marc:subfield>
      <marc:subfield code="j">Verified</marc:subfield>
      <marc:subfield code="0">30062519</marc:subfield>
      <marc:subfield code="4">fmo</marc:subfield>
    </marc:datafield>
    <marc:datafield ind1=" " ind2=" " tag="852">
      <marc:subfield code="a">A-WIL</marc:subfield>
      <marc:subfield code="c">1094</marc:subfield>
      <marc:subfield code="e">Stift Wilhering, Musikarchiv</marc:subfield>
      <marc:subfield code="x">30000267</marc:subfield>
    </marc:datafield>
  </marc:record>