
  <marc:record>
    <marc:leader>00000ndm a2200000 u 4500</marc:leader>
    <marc:controlfield tag="001">600138741</marc:controlfield>
    <marc:controlfield tag="003">DE-633</marc:controlfield>
    <marc:controlfield tag="005">20240514120459.0</marc:controlfield>
    <marc:datafield ind1=" " ind2=" " tag="035">
      <marc:subfield code="a">AC14297626</marc:subfield>
    </marc:datafield>
    <marc:datafield ind1=" " ind2=" " tag="040">
      <marc:subfield code="a">DE-633</marc:subfield>
      <marc:subfield code="b">ger</marc:subfield>
    </marc:datafield>
    <marc:datafield ind1="1" ind2=" " tag="100">
      <marc:subfield code="a">Tůma, František Ignác</marc:subfield>
      <marc:subfield code="d">1704-1774</marc:subfield>
      <marc:subfield code="0">30003182</marc:subfield>
    </marc:datafield>
    <marc:datafield ind1="1" ind2="0" tag="240">
      <marc:subfield code="a">Sonata à 3</marc:subfield>
      <marc:subfield code="0">50297628</marc:subfield>
    </marc:datafield>
    <marc:datafield ind1="1" ind2="0" tag="245">
      <marc:subfield code="a">Sonata à 3 : [6 Triosonaten] / Del Sig: Francesco Tuma. M: D: C:a D: S: C:a M:tà L´Imp:ce Elisabetta vedova</marc:subfield>
    </marc:datafield>
    <marc:datafield ind1=" " ind2=" " tag="260">
      <marc:subfield code="c">[1700-1799]</marc:subfield>
      <marc:subfield code="8">01</marc:subfield>
    </marc:datafield>
    <marc:datafield ind1=" " ind2=" " tag="300">
      <marc:subfield code="a">parts</marc:subfield>
      <marc:subfield code="c">ca. 28 x 23 cm</marc:subfield>
      <marc:subfield code="8">01</marc:subfield>
    </marc:datafield>
    <marc:datafield ind1=" " ind2=" " tag="500">
      <marc:subfield code="a">Stimmen (Violino Primo, Violino Secondo, Violoncello, Violone, Fagotto, M: D: C:, Organo), Handschrift (18. Jh.), 86 Bl.</marc:subfield>
    </marc:datafield>
    <marc:datafield ind1=" " ind2=" " tag="500">
      <marc:subfield code="a">Tinte</marc:subfield>
    </marc:datafield>
    <marc:datafield ind1=" " ind2=" " tag="500">
      <marc:subfield code="a">Titelzusatz fingiert</marc:subfield>
    </marc:datafield>
    <marc:datafield ind1=" " ind2=" " tag="505">
      <marc:subfield code="a">1.) Sonata [in C] a 3. Del Sig. Franciscus Tuma. M. D. C. D. S. C. M. L'Impce Elisabetta vedova</marc:subfield>
    </marc:datafield>
    <marc:datafield ind1=" " ind2=" " tag="505">
      <marc:subfield code="a">2.) Sonata [in D] a 3. Del Sig. Franciscus Tuma. M. D. C. D. S. C. M. L'Impce Elisabetta vedova. Aufführgen: "3. Agosto 742, All'. 3. Fbre.742." bis "1752, 11. Dec. S. Xaver"</marc:subfield>
    </marc:datafield>
    <marc:datafield ind1=" " ind2=" " tag="505">
      <marc:subfield code="a">3.) Sonata [in d] a 3. Del Sig. Franciscus Tuma</marc:subfield>
    </marc:datafield>
    <marc:datafield ind1=" " ind2=" " tag="505">
      <marc:subfield code="a">4.) Sonata [in e] a 3. Del Sig. Franciscus Tuma. Aufführgen: "4. Aug. 735, 15. Agosto 737, 8. Xbre 737, 1. 9bre, 738, 26. Lugli. 739, 11. Lugli 740, 22. May 748, 10. April 752, 21. Aug. Sales. 753"</marc:subfield>
    </marc:datafield>
    <marc:datafield ind1=" " ind2=" " tag="505">
      <marc:subfield code="a">5.) Sonata [in g] a 3. Del Sig. Franciscus Tuma. Aufführgen: "2. Feb. 743" bis "14. Aug. 750"</marc:subfield>
    </marc:datafield>
    <marc:datafield ind1=" " ind2=" " tag="505">
      <marc:subfield code="a">6.) Sonata [in h] a 3. Del Sig. Franciscus Tuma</marc:subfield>
    </marc:datafield>
    <marc:datafield ind1=" " ind2=" " tag="561">
      <marc:subfield code="a">H. K. A. II. 260</marc:subfield>
    </marc:datafield>
    <marc:datafield ind1=" " ind2=" " tag="593">
      <marc:subfield code="a">Manuscript copy</marc:subfield>
      <marc:subfield code="b">Notated music</marc:subfield>
      <marc:subfield code="8">01</marc:subfield>
    </marc:datafield>
    <marc:datafield ind1=" " ind2=" " tag="599">
      <marc:subfield code="b">abbreviated</marc:subfield>
    </marc:datafield>
    <marc:datafield ind1="0" ind2="7" tag="650">
      <marc:subfield code="a">Chamber music</marc:subfield>
      <marc:subfield code="0">3901050</marc:subfield>
    </marc:datafield>
    <marc:datafield ind1=" " ind2=" " tag="852">
      <marc:subfield code="a">A-Wn</marc:subfield>
      <marc:subfield code="c">Mus.Hs.3744</marc:subfield>
      <marc:subfield code="e">Österreichische Nationalbibliothek, Musiksammlung</marc:subfield>
      <marc:subfield code="x">30000398</marc:subfield>
      <marc:subfield code="z">Hofmusikkapelle Wien - Archiv</marc:subfield>
    </marc:datafield>
    <marc:datafield ind1=" " ind2=" " tag="856">
      <marc:subfield code="u">http://data.onb.ac.at/rec/AC14297626</marc:subfield>
      <marc:subfield code="x">Other</marc:subfield>
      <marc:subfield code="z">Katalogisat</marc:subfield>
    </marc:datafield>
    <marc:datafield ind1=" " ind2=" " tag="856">
      <marc:subfield code="u">http://data.onb.ac.at/dtl/6203580</marc:subfield>
      <marc:subfield code="x">Digitized</marc:subfield>
      <marc:subfield code="z">Digitales Objekt</marc:subfield>
    </marc:datafield>
    <marc:datafield ind1=" " ind2=" " tag="856">
      <marc:subfield code="u">http://data.onb.ac.at/mus/MZ00913179</marc:subfield>
      <marc:subfield code="x">Other</marc:subfield>
      <marc:subfield code="z">Alte Titelaufnahme</marc:subfield>
    </marc:datafield>
    <marc:datafield ind1=" " ind2=" " tag="856">
      <marc:subfield code="u">http://katzoom.onb.ac.at/cgi-bin/katadmin/mus/mhsview.pl?katalog=5&amp;amp;kz=1&amp;amp;start=0113179</marc:subfield>
      <marc:subfield code="x">Other</marc:subfield>
      <marc:subfield code="z">Zettel (Katalogkarte)</marc:subfield>
    </marc:datafield>
    <marc:datafield ind1=" " ind2=" " tag="980">
      <marc:subfield code="a">import</marc:subfield>
      <marc:subfield code="b">standard</marc:subfield>
      <marc:subfield code="c">examined</marc:subfield>
    </marc:datafield>
  </marc:record>