
  <marc:record>
    <marc:leader>00000ndm a2200000 u 4500</marc:leader>
    <marc:controlfield tag="001">600138872</marc:controlfield>
    <marc:controlfield tag="003">DE-633</marc:controlfield>
    <marc:controlfield tag="005">20221130142930.0</marc:controlfield>
    <marc:datafield ind1=" " ind2=" " tag="035">
      <marc:subfield code="a">AC14297590</marc:subfield>
    </marc:datafield>
    <marc:datafield ind1=" " ind2=" " tag="040">
      <marc:subfield code="a">DE-633</marc:subfield>
      <marc:subfield code="b">ger</marc:subfield>
    </marc:datafield>
    <marc:datafield ind1="1" ind2=" " tag="100">
      <marc:subfield code="a">Tůma, František Ignác</marc:subfield>
      <marc:subfield code="d">1704-1774</marc:subfield>
      <marc:subfield code="0">30003182</marc:subfield>
    </marc:datafield>
    <marc:datafield ind1="1" ind2="0" tag="240">
      <marc:subfield code="a">Litanie breve a 5 voci in pieno</marc:subfield>
      <marc:subfield code="0">50315964</marc:subfield>
    </marc:datafield>
    <marc:datafield ind1="1" ind2="0" tag="245">
      <marc:subfield code="a">Litanie breve a 5 voci in pieno</marc:subfield>
    </marc:datafield>
    <marc:datafield ind1=" " ind2=" " tag="260">
      <marc:subfield code="c">1743</marc:subfield>
      <marc:subfield code="8">01</marc:subfield>
    </marc:datafield>
    <marc:datafield ind1=" " ind2=" " tag="300">
      <marc:subfield code="a">parts</marc:subfield>
      <marc:subfield code="c">4°</marc:subfield>
      <marc:subfield code="8">01</marc:subfield>
    </marc:datafield>
    <marc:datafield ind1=" " ind2=" " tag="500">
      <marc:subfield code="a">Stimmen, Handschrift, 24 Bl.</marc:subfield>
    </marc:datafield>
    <marc:datafield ind1=" " ind2=" " tag="500">
      <marc:subfield code="a">Weitere Instrumente: vltta., vla., cornetto, trbne. I., II., fag., vlc., vlone., org. - Aufführungsdaten: 1743-1754</marc:subfield>
    </marc:datafield>
    <marc:datafield ind1=" " ind2=" " tag="561">
      <marc:subfield code="a">Aus der Hofkapelle</marc:subfield>
    </marc:datafield>
    <marc:datafield ind1=" " ind2=" " tag="593">
      <marc:subfield code="a">Manuscript copy</marc:subfield>
      <marc:subfield code="b">Notated music</marc:subfield>
      <marc:subfield code="8">01</marc:subfield>
    </marc:datafield>
    <marc:datafield ind1=" " ind2=" " tag="599">
      <marc:subfield code="b">abbreviated</marc:subfield>
    </marc:datafield>
    <marc:datafield ind1="0" ind2="7" tag="650">
      <marc:subfield code="a">Chormusik</marc:subfield>
      <marc:subfield code="0">50001734</marc:subfield>
    </marc:datafield>
    <marc:datafield ind1=" " ind2=" " tag="852">
      <marc:subfield code="a">A-Wn</marc:subfield>
      <marc:subfield code="c">Mus.Hs.15696</marc:subfield>
      <marc:subfield code="e">Österreichische Nationalbibliothek, Musiksammlung</marc:subfield>
      <marc:subfield code="x">30000398</marc:subfield>
      <marc:subfield code="z">Hofmusikkapelle Wien - Archiv</marc:subfield>
    </marc:datafield>
    <marc:datafield ind1=" " ind2=" " tag="856">
      <marc:subfield code="u">http://data.onb.ac.at/rec/AC14297590</marc:subfield>
      <marc:subfield code="x">Other</marc:subfield>
      <marc:subfield code="z">Katalogisat</marc:subfield>
    </marc:datafield>
    <marc:datafield ind1=" " ind2=" " tag="856">
      <marc:subfield code="u">http://data.onb.ac.at/mus/MZ00913107</marc:subfield>
      <marc:subfield code="x">Other</marc:subfield>
      <marc:subfield code="z">Alte Titelaufnahme</marc:subfield>
    </marc:datafield>
    <marc:datafield ind1=" " ind2=" " tag="856">
      <marc:subfield code="u">http://katzoom.onb.ac.at/cgi-bin/katadmin/mus/mhsview.pl?katalog=5&amp;amp;kz=1&amp;amp;start=0113107</marc:subfield>
      <marc:subfield code="x">Other</marc:subfield>
      <marc:subfield code="z">Zettel (Katalogkarte)</marc:subfield>
    </marc:datafield>
    <marc:datafield ind1=" " ind2=" " tag="980">
      <marc:subfield code="a">import</marc:subfield>
      <marc:subfield code="b">standard</marc:subfield>
      <marc:subfield code="c">examined</marc:subfield>
    </marc:datafield>
  </marc:record>