
  <marc:record>
    <marc:leader>00000ndm a2200000 u 4500</marc:leader>
    <marc:controlfield tag="001">600138880</marc:controlfield>
    <marc:controlfield tag="003">DE-633</marc:controlfield>
    <marc:controlfield tag="005">20221130142930.0</marc:controlfield>
    <marc:datafield ind1=" " ind2=" " tag="035">
      <marc:subfield code="a">AC14297580</marc:subfield>
    </marc:datafield>
    <marc:datafield ind1=" " ind2=" " tag="040">
      <marc:subfield code="a">DE-633</marc:subfield>
      <marc:subfield code="b">ger</marc:subfield>
    </marc:datafield>
    <marc:datafield ind1="1" ind2=" " tag="100">
      <marc:subfield code="a">Tůma, František Ignác</marc:subfield>
      <marc:subfield code="d">1704-1774</marc:subfield>
      <marc:subfield code="0">30003182</marc:subfield>
    </marc:datafield>
    <marc:datafield ind1="1" ind2="0" tag="240">
      <marc:subfield code="a">Inno Per Il Festo di S:ta Teresia (Regis superni nuntia)</marc:subfield>
      <marc:subfield code="0">50315972</marc:subfield>
    </marc:datafield>
    <marc:datafield ind1="1" ind2="0" tag="245">
      <marc:subfield code="a">Inno Per Il Festo di S:ta Teresia (Regis superni nuntia) : à Alto Solo con 2 Violini e Trombone / Del S:r Francesco Thuma Maestro di Cap:la della S: C: M: L´Imperadrice Elisabetta Vedova</marc:subfield>
    </marc:datafield>
    <marc:datafield ind1=" " ind2=" " tag="260">
      <marc:subfield code="c">1741</marc:subfield>
      <marc:subfield code="8">01</marc:subfield>
    </marc:datafield>
    <marc:datafield ind1=" " ind2=" " tag="300">
      <marc:subfield code="a">parts</marc:subfield>
      <marc:subfield code="c">ca. 28,5 x 23,7 cm</marc:subfield>
      <marc:subfield code="8">01</marc:subfield>
    </marc:datafield>
    <marc:datafield ind1=" " ind2=" " tag="500">
      <marc:subfield code="a">Stimmen, Handschrift, 9 Bl.</marc:subfield>
    </marc:datafield>
    <marc:datafield ind1=" " ind2=" " tag="500">
      <marc:subfield code="a">Tinte</marc:subfield>
    </marc:datafield>
    <marc:datafield ind1=" " ind2=" " tag="505">
      <marc:subfield code="a">Alto Solo, Violino Primo, Violino Secondo, Trombone Solo, Violoncello, Organo, M: D: C:</marc:subfield>
    </marc:datafield>
    <marc:datafield ind1=" " ind2=" " tag="593">
      <marc:subfield code="a">Manuscript copy</marc:subfield>
      <marc:subfield code="b">Notated music</marc:subfield>
      <marc:subfield code="8">01</marc:subfield>
    </marc:datafield>
    <marc:datafield ind1=" " ind2=" " tag="599">
      <marc:subfield code="b">abbreviated</marc:subfield>
    </marc:datafield>
    <marc:datafield ind1="0" ind2="7" tag="650">
      <marc:subfield code="a">Vocal music</marc:subfield>
      <marc:subfield code="0">3900056</marc:subfield>
    </marc:datafield>
    <marc:datafield ind1="0" ind2="7" tag="650">
      <marc:subfield code="a">Solo</marc:subfield>
      <marc:subfield code="0">50001732</marc:subfield>
    </marc:datafield>
    <marc:datafield ind1=" " ind2=" " tag="856">
      <marc:subfield code="u">http://data.onb.ac.at/rec/AC14297580</marc:subfield>
      <marc:subfield code="x">Other</marc:subfield>
      <marc:subfield code="z">Katalogisat</marc:subfield>
    </marc:datafield>
    <marc:datafield ind1=" " ind2=" " tag="856">
      <marc:subfield code="u">http://data.onb.ac.at/dtl/5905258</marc:subfield>
      <marc:subfield code="x">Digitized</marc:subfield>
      <marc:subfield code="z">Digitales Objekt</marc:subfield>
    </marc:datafield>
    <marc:datafield ind1=" " ind2=" " tag="856">
      <marc:subfield code="u">http://data.onb.ac.at/mus/MZ00913085</marc:subfield>
      <marc:subfield code="x">Other</marc:subfield>
      <marc:subfield code="z">Alte Titelaufnahme</marc:subfield>
    </marc:datafield>
    <marc:datafield ind1=" " ind2=" " tag="856">
      <marc:subfield code="u">http://katzoom.onb.ac.at/cgi-bin/katadmin/mus/mhsview.pl?katalog=5&amp;amp;kz=1&amp;amp;start=0113085</marc:subfield>
      <marc:subfield code="x">Other</marc:subfield>
      <marc:subfield code="z">Zettel (Katalogkarte)</marc:subfield>
    </marc:datafield>
    <marc:datafield ind1=" " ind2=" " tag="852">
      <marc:subfield code="a">A-Wn</marc:subfield>
      <marc:subfield code="c">Mus.Hs.15681</marc:subfield>
      <marc:subfield code="e">Österreichische Nationalbibliothek, Musiksammlung</marc:subfield>
      <marc:subfield code="x">30000398</marc:subfield>
    </marc:datafield>
    <marc:datafield ind1=" " ind2=" " tag="980">
      <marc:subfield code="a">import</marc:subfield>
      <marc:subfield code="b">standard</marc:subfield>
      <marc:subfield code="c">examined</marc:subfield>
    </marc:datafield>
  </marc:record>