
  <marc:record>
    <marc:leader>00000ndm a2200000 u 4500</marc:leader>
    <marc:controlfield tag="001">603000432</marc:controlfield>
    <marc:controlfield tag="003">DE-633</marc:controlfield>
    <marc:controlfield tag="005">20221016121007.0</marc:controlfield>
    <marc:datafield ind1=" " ind2=" " tag="031">
      <marc:subfield code="a">1</marc:subfield>
      <marc:subfield code="b">1</marc:subfield>
      <marc:subfield code="c">1</marc:subfield>
      <marc:subfield code="d">Allegro</marc:subfield>
      <marc:subfield code="g">G-2</marc:subfield>
      <marc:subfield code="m">vl 1</marc:subfield>
      <marc:subfield code="n">xFC</marc:subfield>
      <marc:subfield code="o">3/4</marc:subfield>
      <marc:subfield code="p">'{8.6D''D}'{DDDD}/{D''A}{GFED}/{C'A},{AAAA}/{A'''D}{C''BAG}/{FD}</marc:subfield>
      <marc:subfield code="r">D</marc:subfield>
      <marc:subfield code="2">pe</marc:subfield>
    </marc:datafield>
    <marc:datafield ind1=" " ind2=" " tag="031">
      <marc:subfield code="a">1</marc:subfield>
      <marc:subfield code="b">2</marc:subfield>
      <marc:subfield code="c">1</marc:subfield>
      <marc:subfield code="d">Andante</marc:subfield>
      <marc:subfield code="o">2/4</marc:subfield>
      <marc:subfield code="r">d</marc:subfield>
      <marc:subfield code="2">pe</marc:subfield>
    </marc:datafield>
    <marc:datafield ind1=" " ind2=" " tag="031">
      <marc:subfield code="a">1</marc:subfield>
      <marc:subfield code="b">3</marc:subfield>
      <marc:subfield code="c">1</marc:subfield>
      <marc:subfield code="d">Menuet</marc:subfield>
      <marc:subfield code="o">3/4</marc:subfield>
      <marc:subfield code="r">D</marc:subfield>
      <marc:subfield code="2">pe</marc:subfield>
    </marc:datafield>
    <marc:datafield ind1=" " ind2=" " tag="031">
      <marc:subfield code="a">1</marc:subfield>
      <marc:subfield code="b">4</marc:subfield>
      <marc:subfield code="c">1</marc:subfield>
      <marc:subfield code="d">Piano</marc:subfield>
      <marc:subfield code="o">3/4</marc:subfield>
      <marc:subfield code="r">d</marc:subfield>
      <marc:subfield code="2">pe</marc:subfield>
    </marc:datafield>
    <marc:datafield ind1=" " ind2=" " tag="040">
      <marc:subfield code="a">DE-633</marc:subfield>
    </marc:datafield>
    <marc:datafield ind1="1" ind2=" " tag="100">
      <marc:subfield code="a">Tůma, František Ignác</marc:subfield>
      <marc:subfield code="d">1704-1774</marc:subfield>
      <marc:subfield code="j">Alleged</marc:subfield>
      <marc:subfield code="0">30003182</marc:subfield>
    </marc:datafield>
    <marc:datafield ind1="1" ind2="0" tag="240">
      <marc:subfield code="a">Symphonies</marc:subfield>
      <marc:subfield code="m">vl (2), vla, b</marc:subfield>
      <marc:subfield code="r">D</marc:subfield>
      <marc:subfield code="0">3900027</marc:subfield>
    </marc:datafield>
    <marc:datafield ind1="1" ind2="0" tag="245">
      <marc:subfield code="a">[b, p.1:] Synfonia Ex D | a 4 Instr: | Violino Primo | Violino Secundo. | Alto Viola | Con | Basso. | Del: Sig:re: Tuma</marc:subfield>
    </marc:datafield>
    <marc:datafield ind1=" " ind2=" " tag="260">
      <marc:subfield code="c">1740-1768</marc:subfield>
      <marc:subfield code="8">01</marc:subfield>
    </marc:datafield>
    <marc:datafield ind1=" " ind2=" " tag="300">
      <marc:subfield code="a">4 parts</marc:subfield>
      <marc:subfield code="c">37 x 24,5 cm</marc:subfield>
      <marc:subfield code="8">01</marc:subfield>
    </marc:datafield>
    <marc:datafield ind1=" " ind2=" " tag="590">
      <marc:subfield code="a">vl 1, 2, vla, b</marc:subfield>
      <marc:subfield code="8">01</marc:subfield>
    </marc:datafield>
    <marc:datafield ind1=" " ind2=" " tag="593">
      <marc:subfield code="a">Manuscript copy</marc:subfield>
      <marc:subfield code="b">Notated music</marc:subfield>
      <marc:subfield code="8">01</marc:subfield>
    </marc:datafield>
    <marc:datafield ind1=" " ind2=" " tag="594">
      <marc:subfield code="b">vl</marc:subfield>
      <marc:subfield code="c">2</marc:subfield>
    </marc:datafield>
    <marc:datafield ind1=" " ind2=" " tag="594">
      <marc:subfield code="b">vla</marc:subfield>
      <marc:subfield code="c">1</marc:subfield>
    </marc:datafield>
    <marc:datafield ind1=" " ind2=" " tag="594">
      <marc:subfield code="b">b</marc:subfield>
      <marc:subfield code="c">1</marc:subfield>
    </marc:datafield>
    <marc:datafield ind1=" " ind2=" " tag="594">
      <marc:subfield code="a">vl (2), vla, b</marc:subfield>
    </marc:datafield>
    <marc:datafield ind1=" " ind2=" " tag="599">
      <marc:subfield code="b">full</marc:subfield>
    </marc:datafield>
    <marc:datafield ind1="0" ind2="7" tag="650">
      <marc:subfield code="a">Symphonies</marc:subfield>
      <marc:subfield code="0">25215</marc:subfield>
    </marc:datafield>
    <marc:datafield ind1="0" ind2="7" tag="650">
      <marc:subfield code="a">Quartets (inst.)</marc:subfield>
      <marc:subfield code="0">25205</marc:subfield>
    </marc:datafield>
    <marc:datafield ind1=" " ind2="7" tag="691">
      <marc:subfield code="a">ShermanL 2001</marc:subfield>
      <marc:subfield code="n">p.280 [320], no.1383</marc:subfield>
      <marc:subfield code="0">30025948</marc:subfield>
    </marc:datafield>
    <marc:datafield ind1=" " ind2="7" tag="691">
      <marc:subfield code="a">LangL 1978</marc:subfield>
      <marc:subfield code="n">III, p.718</marc:subfield>
      <marc:subfield code="0">30025955</marc:subfield>
    </marc:datafield>
    <marc:datafield ind1="1" ind2=" " tag="700">
      <marc:subfield code="a">Tischer, Joseph</marc:subfield>
      <marc:subfield code="d">18.sc</marc:subfield>
      <marc:subfield code="j">Ascertained</marc:subfield>
      <marc:subfield code="0">30096498</marc:subfield>
      <marc:subfield code="4">scr</marc:subfield>
      <marc:subfield code="8">01</marc:subfield>
    </marc:datafield>
    <marc:datafield ind1=" " ind2=" " tag="852">
      <marc:subfield code="a">A-LA</marc:subfield>
      <marc:subfield code="c">360</marc:subfield>
      <marc:subfield code="d">No: 9</marc:subfield>
      <marc:subfield code="e">Benediktinerstift Lambach, Musikarchiv</marc:subfield>
      <marc:subfield code="x">30000354</marc:subfield>
    </marc:datafield>
  </marc:record>