
  <marc:record>
    <marc:leader>00000ndm a2200000 u 4500</marc:leader>
    <marc:controlfield tag="001">1001001788</marc:controlfield>
    <marc:controlfield tag="003">DE-633</marc:controlfield>
    <marc:controlfield tag="005">20231219090808.0</marc:controlfield>
    <marc:datafield ind1=" " ind2=" " tag="031">
      <marc:subfield code="a">1</marc:subfield>
      <marc:subfield code="b">1</marc:subfield>
      <marc:subfield code="c">1</marc:subfield>
      <marc:subfield code="d">Adagio un poco piano</marc:subfield>
      <marc:subfield code="g">F-4</marc:subfield>
      <marc:subfield code="m">B coro</marc:subfield>
      <marc:subfield code="n">bBEA</marc:subfield>
      <marc:subfield code="o">c</marc:subfield>
      <marc:subfield code="p">=2/2-4.,,G8G/4,CC4.,,F8F/4B8BB4.,E8C/2,,B4.,E</marc:subfield>
      <marc:subfield code="t">De profundis, clamavi ad te Domine</marc:subfield>
      <marc:subfield code="t">Aus der Tiefe rufe ich Herr zu dir</marc:subfield>
      <marc:subfield code="z">Coro, org</marc:subfield>
      <marc:subfield code="2">pe</marc:subfield>
    </marc:datafield>
    <marc:datafield ind1=" " ind2=" " tag="031">
      <marc:subfield code="a">1</marc:subfield>
      <marc:subfield code="b">2</marc:subfield>
      <marc:subfield code="c">1</marc:subfield>
      <marc:subfield code="d">Andante</marc:subfield>
      <marc:subfield code="g">G-2</marc:subfield>
      <marc:subfield code="m">T coro</marc:subfield>
      <marc:subfield code="n">bBEA</marc:subfield>
      <marc:subfield code="o">c</marc:subfield>
      <marc:subfield code="p">4.''C8C'nB''CD'G/{''ED}4CC'nB/''C</marc:subfield>
      <marc:subfield code="t">Fiant aures tuae intendentes, in vocem deprecationis meae</marc:subfield>
      <marc:subfield code="t">Lasse deine Ohren merken auf die Stimme</marc:subfield>
      <marc:subfield code="z">Coro, org</marc:subfield>
      <marc:subfield code="2">pe</marc:subfield>
    </marc:datafield>
    <marc:datafield ind1=" " ind2=" " tag="031">
      <marc:subfield code="a">1</marc:subfield>
      <marc:subfield code="b">3</marc:subfield>
      <marc:subfield code="c">1</marc:subfield>
      <marc:subfield code="d">Larghetto</marc:subfield>
      <marc:subfield code="g">G-2</marc:subfield>
      <marc:subfield code="m">S solo</marc:subfield>
      <marc:subfield code="n">bBE</marc:subfield>
      <marc:subfield code="o">c</marc:subfield>
      <marc:subfield code="p">8''D6{'B''C}8D'B6{GxF}8G4-/8''C6{ED}{C'B}{AG}xFnE8D4-/</marc:subfield>
      <marc:subfield code="r">g</marc:subfield>
      <marc:subfield code="t">Si iniquitates, observaveris Domine</marc:subfield>
      <marc:subfield code="t">So du willst die Sünden zurechnen</marc:subfield>
      <marc:subfield code="z">Solo: S, A; org</marc:subfield>
      <marc:subfield code="2">pe</marc:subfield>
    </marc:datafield>
    <marc:datafield ind1=" " ind2=" " tag="031">
      <marc:subfield code="a">1</marc:subfield>
      <marc:subfield code="b">4</marc:subfield>
      <marc:subfield code="c">1</marc:subfield>
      <marc:subfield code="d">Adagio</marc:subfield>
      <marc:subfield code="g">G-2</marc:subfield>
      <marc:subfield code="m">S coro</marc:subfield>
      <marc:subfield code="n">bBEA</marc:subfield>
      <marc:subfield code="o">c</marc:subfield>
      <marc:subfield code="p">4.'B8B4''C'B/4.A8AGBBE/4.''bD8D4C-/</marc:subfield>
      <marc:subfield code="t">Quia apud Dominum, misericordia</marc:subfield>
      <marc:subfield code="t">Denn bei ihm bei dem Herrn die Gnade ist</marc:subfield>
      <marc:subfield code="z">Solo: S, A, T, B; Coro; org</marc:subfield>
      <marc:subfield code="2">pe</marc:subfield>
    </marc:datafield>
    <marc:datafield ind1=" " ind2=" " tag="035">
      <marc:subfield code="a">211012775</marc:subfield>
    </marc:datafield>
    <marc:datafield ind1=" " ind2=" " tag="040">
      <marc:subfield code="a">DE-633</marc:subfield>
    </marc:datafield>
    <marc:datafield ind1="0" ind2=" " tag="041">
      <marc:subfield code="a">lat</marc:subfield>
    </marc:datafield>
    <marc:datafield ind1="0" ind2=" " tag="041">
      <marc:subfield code="a">ger</marc:subfield>
    </marc:datafield>
    <marc:datafield ind1="1" ind2=" " tag="100">
      <marc:subfield code="a">Tůma, František Ignác</marc:subfield>
      <marc:subfield code="d">1704-1774</marc:subfield>
      <marc:subfield code="j">Ascertained</marc:subfield>
      <marc:subfield code="0">30003182</marc:subfield>
    </marc:datafield>
    <marc:datafield ind1="1" ind2="0" tag="240">
      <marc:subfield code="a">De profundis, clamavi ad te Domine</marc:subfield>
      <marc:subfield code="m">V (4), Coro, org</marc:subfield>
      <marc:subfield code="n">VogT 400/6</marc:subfield>
      <marc:subfield code="o">Arr</marc:subfield>
      <marc:subfield code="0">3902334</marc:subfield>
    </marc:datafield>
    <marc:datafield ind1="1" ind2="0" tag="245">
      <marc:subfield code="a">[p.1, at head left:] Titel: | Der 130|t|e Psalm | für | Sopran- und Alt-Solo, | Chor u. Orgel | von | Franz Tuma. | (geb. 2 Oktober 1704 in Adlerkosteletz i B. | gest. 30 Januar 1774 in Wien. [at centre:] Herausgegeben und bearbeitet | von | Otto Schmid. Dresden. | [right side:] Franz Tuma. (1743) | bearbeitet von Otto Schmid. Dresden.</marc:subfield>
    </marc:datafield>
    <marc:datafield ind1=" " ind2=" " tag="260">
      <marc:subfield code="c">ca. 1890-1910</marc:subfield>
      <marc:subfield code="8">01</marc:subfield>
    </marc:datafield>
    <marc:datafield ind1=" " ind2=" " tag="300">
      <marc:subfield code="a">score: 14p.</marc:subfield>
      <marc:subfield code="c">34,5 x 27 cm</marc:subfield>
      <marc:subfield code="8">01</marc:subfield>
    </marc:datafield>
    <marc:datafield ind1=" " ind2=" " tag="500">
      <marc:subfield code="a">Gedrucktes Notenpapier "C. A. KLEMM. | A. N° 4"; mit originaler Paginierung bis p.13;</marc:subfield>
      <marc:subfield code="8">01</marc:subfield>
    </marc:datafield>
    <marc:datafield ind1=" " ind2=" " tag="500">
      <marc:subfield code="a">Vorbesitzer-Stempel auf p.1: "Otto Schmid | Musikschriftsteller | DRESDEN | Struve-Strasse 38, III" und "Mozart-Verein zu Dresden."</marc:subfield>
    </marc:datafield>
    <marc:datafield ind1=" " ind2=" " tag="500">
      <marc:subfield code="a">Wie der Titel vermuten lässt, wohl eigentlich für eine Druckausgabe vorbereitet. Auf p.14 mit Bleistift vermerkt: "Für 'Blätter' zu lang!";</marc:subfield>
    </marc:datafield>
    <marc:datafield ind1=" " ind2=" " tag="500">
      <marc:subfield code="a">Das "Si iniquitates" war ursprünglich für T und B solo vorgesehen, was jedoch zu S und A korrigiert wurde. Mit Bleistift ist am Beginn der zweiten Solostimme vermerkt: "im Violinschlüssel | zu drucken".</marc:subfield>
    </marc:datafield>
    <marc:datafield ind1=" " ind2=" " tag="500">
      <marc:subfield code="a">Im letzten Teil "Quia apud Dominum" ist ein kürzerer Abschnitt für 4 Solostimmen.</marc:subfield>
    </marc:datafield>
    <marc:datafield ind1=" " ind2=" " tag="563">
      <marc:subfield code="a">Jüngerer Pappeinband</marc:subfield>
      <marc:subfield code="8">01</marc:subfield>
    </marc:datafield>
    <marc:datafield ind1=" " ind2=" " tag="593">
      <marc:subfield code="a">Manuscript copy</marc:subfield>
      <marc:subfield code="b">Notated music</marc:subfield>
      <marc:subfield code="8">01</marc:subfield>
    </marc:datafield>
    <marc:datafield ind1=" " ind2=" " tag="594">
      <marc:subfield code="b">S</marc:subfield>
      <marc:subfield code="c">1</marc:subfield>
    </marc:datafield>
    <marc:datafield ind1=" " ind2=" " tag="594">
      <marc:subfield code="b">A</marc:subfield>
      <marc:subfield code="c">1</marc:subfield>
    </marc:datafield>
    <marc:datafield ind1=" " ind2=" " tag="594">
      <marc:subfield code="b">T</marc:subfield>
      <marc:subfield code="c">1</marc:subfield>
    </marc:datafield>
    <marc:datafield ind1=" " ind2=" " tag="594">
      <marc:subfield code="b">B</marc:subfield>
      <marc:subfield code="c">1</marc:subfield>
    </marc:datafield>
    <marc:datafield ind1=" " ind2=" " tag="594">
      <marc:subfield code="b">Coro S</marc:subfield>
      <marc:subfield code="c">1</marc:subfield>
    </marc:datafield>
    <marc:datafield ind1=" " ind2=" " tag="594">
      <marc:subfield code="b">Coro A</marc:subfield>
      <marc:subfield code="c">1</marc:subfield>
    </marc:datafield>
    <marc:datafield ind1=" " ind2=" " tag="594">
      <marc:subfield code="b">Coro T</marc:subfield>
      <marc:subfield code="c">1</marc:subfield>
    </marc:datafield>
    <marc:datafield ind1=" " ind2=" " tag="594">
      <marc:subfield code="b">Coro B</marc:subfield>
      <marc:subfield code="c">1</marc:subfield>
    </marc:datafield>
    <marc:datafield ind1=" " ind2=" " tag="594">
      <marc:subfield code="b">org</marc:subfield>
      <marc:subfield code="c">1</marc:subfield>
    </marc:datafield>
    <marc:datafield ind1=" " ind2=" " tag="594">
      <marc:subfield code="a">S, A, T, B, Coro S, Coro A, Coro T, Coro B, org</marc:subfield>
    </marc:datafield>
    <marc:datafield ind1=" " ind2=" " tag="599">
      <marc:subfield code="b">full</marc:subfield>
    </marc:datafield>
    <marc:datafield ind1="0" ind2="7" tag="650">
      <marc:subfield code="a">Psalms</marc:subfield>
      <marc:subfield code="0">3000057</marc:subfield>
    </marc:datafield>
    <marc:datafield ind1="0" ind2="7" tag="650">
      <marc:subfield code="a">Sacred songs</marc:subfield>
      <marc:subfield code="0">25250</marc:subfield>
    </marc:datafield>
    <marc:datafield ind1=" " ind2="7" tag="690">
      <marc:subfield code="a">VogT</marc:subfield>
      <marc:subfield code="n">400/6</marc:subfield>
      <marc:subfield code="0">303</marc:subfield>
    </marc:datafield>
    <marc:datafield ind1="1" ind2=" " tag="700">
      <marc:subfield code="a">Schmid, Otto</marc:subfield>
      <marc:subfield code="d">1858-1931</marc:subfield>
      <marc:subfield code="0">151202</marc:subfield>
      <marc:subfield code="4">arr</marc:subfield>
    </marc:datafield>
    <marc:datafield ind1="1" ind2=" " tag="700">
      <marc:subfield code="a">Schmid, Otto</marc:subfield>
      <marc:subfield code="d">1858-1931</marc:subfield>
      <marc:subfield code="0">151202</marc:subfield>
      <marc:subfield code="4">fmo</marc:subfield>
    </marc:datafield>
    <marc:datafield ind1="1" ind2=" " tag="700">
      <marc:subfield code="a">Schmid, Otto</marc:subfield>
      <marc:subfield code="d">1858-1931</marc:subfield>
      <marc:subfield code="j">Ascertained</marc:subfield>
      <marc:subfield code="0">151202</marc:subfield>
      <marc:subfield code="4">scr</marc:subfield>
      <marc:subfield code="8">01</marc:subfield>
    </marc:datafield>
    <marc:datafield ind1="2" ind2=" " tag="710">
      <marc:subfield code="a">Mozart-Verein</marc:subfield>
      <marc:subfield code="c">Dresden</marc:subfield>
      <marc:subfield code="0">30009618</marc:subfield>
      <marc:subfield code="4">fmo</marc:subfield>
    </marc:datafield>
    <marc:datafield ind1="2" ind2=" " tag="710">
      <marc:subfield code="a">Städtische Bibliotheken, Haupt- und Musikbibliothek</marc:subfield>
      <marc:subfield code="c">Dresden</marc:subfield>
      <marc:subfield code="g">Ascertained</marc:subfield>
      <marc:subfield code="0">30001102</marc:subfield>
      <marc:subfield code="4">fmo</marc:subfield>
    </marc:datafield>
    <marc:datafield ind1=" " ind2=" " tag="852">
      <marc:subfield code="a">D-Dl</marc:subfield>
      <marc:subfield code="c">Mus.2968-E-500</marc:subfield>
      <marc:subfield code="e">Sächsische Landesbibliothek - Staats- und Universitätsbibliothek (SLUB)</marc:subfield>
      <marc:subfield code="x">30000042</marc:subfield>
    </marc:datafield>
    <marc:datafield ind1=" " ind2=" " tag="856">
      <marc:subfield code="u">http://digital.slub-dresden.de/id480932956</marc:subfield>
      <marc:subfield code="x">Digitized</marc:subfield>
      <marc:subfield code="z">Digitalisat der Notenhandschrift (Filmkopie)</marc:subfield>
    </marc:datafield>
    <marc:datafield ind1=" " ind2=" " tag="856">
      <marc:subfield code="u">https://iiif.slub-dresden.de/iiif/2/480932956/manifest.json</marc:subfield>
      <marc:subfield code="x">IIIF manifest (digitized source)</marc:subfield>
      <marc:subfield code="z">Digitalisat der Notenhandschrift (Filmkopie)</marc:subfield>
    </marc:datafield>
    <marc:datafield ind1=" " ind2=" " tag="856">
      <marc:subfield code="u">http://www.deutschefotothek.de/documents/obj/71544775</marc:subfield>
      <marc:subfield code="x">Other</marc:subfield>
      <marc:subfield code="z">Vorbesitzerstempel O. Schmid</marc:subfield>
    </marc:datafield>
    <marc:datafield ind1=" " ind2=" " tag="856">
      <marc:subfield code="u">http://www.deutschefotothek.de/documents/obj/71544776</marc:subfield>
      <marc:subfield code="x">Other</marc:subfield>
      <marc:subfield code="z">Vorbesitzerstempel Mozart-Verein</marc:subfield>
    </marc:datafield>
    <marc:datafield ind1=" " ind2=" " tag="980">
      <marc:subfield code="a">RISM</marc:subfield>
      <marc:subfield code="c">examined</marc:subfield>
    </marc:datafield>
  </marc:record>