
  <marc:record>
    <marc:leader>00000ndm a2200000 u 4500</marc:leader>
    <marc:controlfield tag="001">1001020790</marc:controlfield>
    <marc:controlfield tag="003">DE-633</marc:controlfield>
    <marc:controlfield tag="005">20221016174502.0</marc:controlfield>
    <marc:datafield ind1=" " ind2=" " tag="031">
      <marc:subfield code="a">1</marc:subfield>
      <marc:subfield code="b">1</marc:subfield>
      <marc:subfield code="c">1</marc:subfield>
      <marc:subfield code="d">[without]</marc:subfield>
      <marc:subfield code="g">F-4</marc:subfield>
      <marc:subfield code="m">B</marc:subfield>
      <marc:subfield code="n">bBE</marc:subfield>
      <marc:subfield code="o">c</marc:subfield>
      <marc:subfield code="p">,8-FBFGF8.E6E/4D4-8-CFA/{6DnE}8FFnE4F4-/</marc:subfield>
      <marc:subfield code="r">B|b</marc:subfield>
      <marc:subfield code="t">Te lucis ante terminum</marc:subfield>
      <marc:subfield code="2">pe</marc:subfield>
    </marc:datafield>
    <marc:datafield ind1=" " ind2=" " tag="035">
      <marc:subfield code="a">464142375</marc:subfield>
    </marc:datafield>
    <marc:datafield ind1=" " ind2=" " tag="040">
      <marc:subfield code="a">DE-633</marc:subfield>
    </marc:datafield>
    <marc:datafield ind1="0" ind2=" " tag="041">
      <marc:subfield code="a">lat</marc:subfield>
    </marc:datafield>
    <marc:datafield ind1="1" ind2=" " tag="100">
      <marc:subfield code="a">Tůma, František Ignác</marc:subfield>
      <marc:subfield code="d">1704-1774</marc:subfield>
      <marc:subfield code="0">30003182</marc:subfield>
    </marc:datafield>
    <marc:datafield ind1="1" ind2="0" tag="240">
      <marc:subfield code="a">Te lucis ante terminum</marc:subfield>
      <marc:subfield code="m">V (2), vl (2), bc</marc:subfield>
      <marc:subfield code="r">B|b</marc:subfield>
      <marc:subfield code="0">3909760</marc:subfield>
    </marc:datafield>
    <marc:datafield ind1="1" ind2="0" tag="245">
      <marc:subfield code="a">[caption title, p. 1:] Hymnus [right] Tuma</marc:subfield>
    </marc:datafield>
    <marc:datafield ind1="2" ind2=" " tag="246">
      <marc:subfield code="a">[title on fly leaf by A. Fuchs:] [...] | No: 1. Hymnus | "Te lucis ante terminum etc: etc:" | a | Soprano e Basso | 2 Violini | et | Organo. | No: 2 e Sonata a due Violini col Basso | di | Francesco Tuma. | Geb: 1704. Gest: 1774. | (Partitura autographa) | NB Tuma war ein Schüler des berühmten Giov. Guis. Fux in Wien | beliebter Kirchen Componist; und Hofkapellmeister der Kaiserin Eleonore, Wittwe Kaiser Leopolds I.</marc:subfield>
    </marc:datafield>
    <marc:datafield ind1=" " ind2=" " tag="300">
      <marc:subfield code="a">score: 4p.</marc:subfield>
      <marc:subfield code="c">25 x 19,5 cm</marc:subfield>
      <marc:subfield code="8">01</marc:subfield>
    </marc:datafield>
    <marc:datafield ind1=" " ind2=" " tag="500">
      <marc:subfield code="a">Notation mit Tinte. Türkisfarbener Pappumschlag, in dem möglicherweise ursprünglich beide Tuma-Autographe (D-B Mus.ms.autogr. Tuma, F. 1 + 2 M; vgl. Titel) verwahrt wurden. Enthält ein Vorsatzblatt, das vorn den Titel von A. Fuchs trägt und auf der Rückseite ein Echtheits-Testat von Ant. Schmid. Auf p. 1 der Noten wurde von Fuchs ein Stich F. Tumas geklebt; p. 2-3 enthält die Komposition, p. 4 ist nur rastriert.    </marc:subfield>
      <marc:subfield code="8">01</marc:subfield>
    </marc:datafield>
    <marc:datafield ind1=" " ind2=" " tag="500">
      <marc:subfield code="a">Auf der Rückseite des Vorsatzblattes ein Echtheitstestat: "Daß dieses Autograf mit jenem der K. K. Hofbibliothek | seinen Grundzügen übereinstimme, wird hiermit be- | stätigt. | [right] Wien den 3. September 1832. | Ant. Schmid | Scriptor. ".</marc:subfield>
    </marc:datafield>
    <marc:datafield ind1=" " ind2=" " tag="592">
      <marc:subfield code="a">[not to identify]</marc:subfield>
      <marc:subfield code="8">01</marc:subfield>
    </marc:datafield>
    <marc:datafield ind1=" " ind2=" " tag="593">
      <marc:subfield code="a">Autograph manuscript</marc:subfield>
      <marc:subfield code="b">Notated music</marc:subfield>
      <marc:subfield code="8">01</marc:subfield>
    </marc:datafield>
    <marc:datafield ind1=" " ind2=" " tag="594">
      <marc:subfield code="b">i</marc:subfield>
      <marc:subfield code="c">2</marc:subfield>
    </marc:datafield>
    <marc:datafield ind1=" " ind2=" " tag="594">
      <marc:subfield code="b">S</marc:subfield>
      <marc:subfield code="c">1</marc:subfield>
    </marc:datafield>
    <marc:datafield ind1=" " ind2=" " tag="594">
      <marc:subfield code="b">B</marc:subfield>
      <marc:subfield code="c">1</marc:subfield>
    </marc:datafield>
    <marc:datafield ind1=" " ind2=" " tag="594">
      <marc:subfield code="b">bc</marc:subfield>
      <marc:subfield code="c">1</marc:subfield>
    </marc:datafield>
    <marc:datafield ind1=" " ind2=" " tag="594">
      <marc:subfield code="a">i (2), S, B, bc</marc:subfield>
    </marc:datafield>
    <marc:datafield ind1=" " ind2=" " tag="599">
      <marc:subfield code="b">full</marc:subfield>
    </marc:datafield>
    <marc:datafield ind1="0" ind2="7" tag="650">
      <marc:subfield code="a">Hymns</marc:subfield>
      <marc:subfield code="0">25238</marc:subfield>
    </marc:datafield>
    <marc:datafield ind1="1" ind2=" " tag="700">
      <marc:subfield code="a">Fuchs, Aloys</marc:subfield>
      <marc:subfield code="d">1799-1853</marc:subfield>
      <marc:subfield code="0">85015</marc:subfield>
      <marc:subfield code="4">fmo</marc:subfield>
    </marc:datafield>
    <marc:datafield ind1="1" ind2=" " tag="700">
      <marc:subfield code="a">Grasnick, Friedrich August</marc:subfield>
      <marc:subfield code="d">1798-1877</marc:subfield>
      <marc:subfield code="0">289878</marc:subfield>
      <marc:subfield code="4">fmo</marc:subfield>
    </marc:datafield>
    <marc:datafield ind1=" " ind2=" " tag="852">
      <marc:subfield code="a">D-B</marc:subfield>
      <marc:subfield code="c">Mus.ms.autogr. Tuma, F. 2 M</marc:subfield>
      <marc:subfield code="d">Mus.ms.autogr. F. Tuma 2 M</marc:subfield>
      <marc:subfield code="e">Staatsbibliothek zu Berlin - Preußischer Kulturbesitz, Musikabteilung</marc:subfield>
      <marc:subfield code="x">30000655</marc:subfield>
    </marc:datafield>
    <marc:datafield ind1=" " ind2=" " tag="856">
      <marc:subfield code="u">http://resolver.staatsbibliothek-berlin.de/SBB000209F100000000</marc:subfield>
      <marc:subfield code="x">Digitized</marc:subfield>
      <marc:subfield code="z">Digitalisat</marc:subfield>
    </marc:datafield>
  </marc:record>