
  <marc:record>
    <marc:leader>00000ndm a2200000 u 4500</marc:leader>
    <marc:controlfield tag="001">1001063175</marc:controlfield>
    <marc:controlfield tag="003">DE-633</marc:controlfield>
    <marc:controlfield tag="005">20221016180754.0</marc:controlfield>
    <marc:datafield ind1=" " ind2=" " tag="031">
      <marc:subfield code="a">1</marc:subfield>
      <marc:subfield code="b">1</marc:subfield>
      <marc:subfield code="c">1</marc:subfield>
      <marc:subfield code="d">Allegro assai</marc:subfield>
      <marc:subfield code="g">G-2</marc:subfield>
      <marc:subfield code="m">vl 1</marc:subfield>
      <marc:subfield code="n">bBEA</marc:subfield>
      <marc:subfield code="o">c/</marc:subfield>
      <marc:subfield code="p">4'E/FEFE/(8{DEF};3)4E-8-,B/4.'E8D{6.8EFGnA}/2B4-E/</marc:subfield>
      <marc:subfield code="r">E|b</marc:subfield>
      <marc:subfield code="2">pe</marc:subfield>
    </marc:datafield>
    <marc:datafield ind1=" " ind2=" " tag="031">
      <marc:subfield code="a">1</marc:subfield>
      <marc:subfield code="b">2</marc:subfield>
      <marc:subfield code="c">1</marc:subfield>
      <marc:subfield code="d">Andante </marc:subfield>
      <marc:subfield code="g">G-2</marc:subfield>
      <marc:subfield code="m">vl 1</marc:subfield>
      <marc:subfield code="n">bBE</marc:subfield>
      <marc:subfield code="o">3/4</marc:subfield>
      <marc:subfield code="p">{8.''B3AG}4FF/4.F8G4F/8.6{,BA'C,B'DC}/{8E6GF}q6E2D/</marc:subfield>
      <marc:subfield code="r">B|b</marc:subfield>
      <marc:subfield code="2">pe</marc:subfield>
    </marc:datafield>
    <marc:datafield ind1=" " ind2=" " tag="031">
      <marc:subfield code="a">1</marc:subfield>
      <marc:subfield code="b">3</marc:subfield>
      <marc:subfield code="c">1</marc:subfield>
      <marc:subfield code="d">Allegro</marc:subfield>
      <marc:subfield code="g">G-2</marc:subfield>
      <marc:subfield code="m">vl 1</marc:subfield>
      <marc:subfield code="n">bBEA</marc:subfield>
      <marc:subfield code="o">2/4</marc:subfield>
      <marc:subfield code="p">8'B/4''EF/{8.C6C8'BB}/4''C{8D6CD}/4E'E/''C{6'GF8E}/4''B{6'FE8D}/</marc:subfield>
      <marc:subfield code="r">E|b</marc:subfield>
      <marc:subfield code="2">pe</marc:subfield>
    </marc:datafield>
    <marc:datafield ind1=" " ind2=" " tag="035">
      <marc:subfield code="a">455047571</marc:subfield>
    </marc:datafield>
    <marc:datafield ind1=" " ind2=" " tag="040">
      <marc:subfield code="a">DE-633</marc:subfield>
    </marc:datafield>
    <marc:datafield ind1="1" ind2=" " tag="100">
      <marc:subfield code="a">Tůma, František Ignác</marc:subfield>
      <marc:subfield code="d">1704-1774</marc:subfield>
      <marc:subfield code="j">Ascertained</marc:subfield>
      <marc:subfield code="0">30003182</marc:subfield>
    </marc:datafield>
    <marc:datafield ind1="1" ind2="0" tag="240">
      <marc:subfield code="a">Symphonies</marc:subfield>
      <marc:subfield code="m">orch</marc:subfield>
      <marc:subfield code="r">E|b</marc:subfield>
      <marc:subfield code="0">3900027</marc:subfield>
    </marc:datafield>
    <marc:datafield ind1="1" ind2="0" tag="245">
      <marc:subfield code="a">[dust cover title of the parts:] Sinfonia ex Dis | Violino Primo, Oboe Primo | Violino Secondo, Oboe Secondo | Corno Primo | Corno Secondo | Alto Viola | con | Fondamento | Del Sigr. Thuma.</marc:subfield>
    </marc:datafield>
    <marc:datafield ind1="2" ind2=" " tag="246">
      <marc:subfield code="a">[score, p.1 heading:] Sinfonie [at right:] von Thuma.</marc:subfield>
    </marc:datafield>
    <marc:datafield ind1=" " ind2=" " tag="260">
      <marc:subfield code="c">[1790-1810]</marc:subfield>
      <marc:subfield code="8">01</marc:subfield>
    </marc:datafield>
    <marc:datafield ind1=" " ind2=" " tag="260">
      <marc:subfield code="c">[1866-1899]</marc:subfield>
      <marc:subfield code="8">02</marc:subfield>
    </marc:datafield>
    <marc:datafield ind1=" " ind2=" " tag="300">
      <marc:subfield code="a">9 parts</marc:subfield>
      <marc:subfield code="c">34 x 21 cm</marc:subfield>
      <marc:subfield code="8">01</marc:subfield>
    </marc:datafield>
    <marc:datafield ind1=" " ind2=" " tag="300">
      <marc:subfield code="a">score: 6p.</marc:subfield>
      <marc:subfield code="c">34 x 26,5 cm</marc:subfield>
      <marc:subfield code="8">02</marc:subfield>
    </marc:datafield>
    <marc:datafield ind1=" " ind2=" " tag="500">
      <marc:subfield code="a">Der Umschlag trägt als Wasserzeichen das kursächsische Wappen, die Noten sind auf Papier mit dem Wasserzeichen "ES" in einem Kreis.</marc:subfield>
      <marc:subfield code="8">01</marc:subfield>
    </marc:datafield>
    <marc:datafield ind1=" " ind2=" " tag="500">
      <marc:subfield code="a">Die beiliegende später erstellte Partitur dürfte aus dem älteren Stimmensatz erstellt worden sein. Sie stammt von dem Schreiber, der auch die Handschrift RH 0609, dort Ausschnitte aus Sartis "Ciro riconosciuto" und RH 0644, Fétis "Se i miei sospiri" kopiert hat.</marc:subfield>
    </marc:datafield>
    <marc:datafield ind1=" " ind2=" " tag="500">
      <marc:subfield code="a">Auf dem Titelblatt des Umschlags der Stimmen oben links "XII" und mit rotem Kreidestift "45". Ebendort und auf p. 1 der Partitur der Rundstempel "KÖNIGLICHE AKADEMIE D. KÜNSTE HOCHSCHULE F. MUSIK BERLIN", auf dem Stimmensatz die Nummer "1471" und auf der Partitur "1472".</marc:subfield>
    </marc:datafield>
    <marc:datafield ind1=" " ind2=" " tag="500">
      <marc:subfield code="a">RH 0655_wm_coat of arms of Saxony: /data/digital_objects/system/digital_objects/attachments/000/015/336/original/RH_0655_wm_coat_of_arms_of_Saxony.JPG</marc:subfield>
    </marc:datafield>
    <marc:datafield ind1=" " ind2=" " tag="500">
      <marc:subfield code="a">RH 0655_wm_ES in a circle: /data/digital_objects/system/digital_objects/attachments/000/015/337/original/RH_0655_wm_ES_in_a_circle.JPG</marc:subfield>
    </marc:datafield>
    <marc:datafield ind1=" " ind2=" " tag="590">
      <marc:subfield code="a">vl 1, 2, vla, b (2x)</marc:subfield>
      <marc:subfield code="b">4, 4, 4, 4, 4</marc:subfield>
      <marc:subfield code="8">01</marc:subfield>
    </marc:datafield>
    <marc:datafield ind1=" " ind2=" " tag="590">
      <marc:subfield code="a">ob 1, 2</marc:subfield>
      <marc:subfield code="b">2, 2</marc:subfield>
      <marc:subfield code="8">01</marc:subfield>
    </marc:datafield>
    <marc:datafield ind1=" " ind2=" " tag="590">
      <marc:subfield code="a">cor 1, 2</marc:subfield>
      <marc:subfield code="b">2, 2p.</marc:subfield>
      <marc:subfield code="8">01</marc:subfield>
    </marc:datafield>
    <marc:datafield ind1=" " ind2=" " tag="591">
      <marc:subfield code="a">1471</marc:subfield>
    </marc:datafield>
    <marc:datafield ind1=" " ind2=" " tag="591">
      <marc:subfield code="a">1472</marc:subfield>
    </marc:datafield>
    <marc:datafield ind1=" " ind2=" " tag="592">
      <marc:subfield code="a">[coat of arms of Saxony]</marc:subfield>
      <marc:subfield code="8">01</marc:subfield>
    </marc:datafield>
    <marc:datafield ind1=" " ind2=" " tag="592">
      <marc:subfield code="a">ES [in a circle]</marc:subfield>
      <marc:subfield code="8">01</marc:subfield>
    </marc:datafield>
    <marc:datafield ind1=" " ind2=" " tag="593">
      <marc:subfield code="a">Manuscript copy</marc:subfield>
      <marc:subfield code="b">Notated music</marc:subfield>
      <marc:subfield code="8">01</marc:subfield>
    </marc:datafield>
    <marc:datafield ind1=" " ind2=" " tag="593">
      <marc:subfield code="a">Manuscript copy</marc:subfield>
      <marc:subfield code="b">Notated music</marc:subfield>
      <marc:subfield code="8">02</marc:subfield>
    </marc:datafield>
    <marc:datafield ind1=" " ind2=" " tag="594">
      <marc:subfield code="b">vl</marc:subfield>
      <marc:subfield code="c">2</marc:subfield>
    </marc:datafield>
    <marc:datafield ind1=" " ind2=" " tag="594">
      <marc:subfield code="b">vla</marc:subfield>
      <marc:subfield code="c">1</marc:subfield>
    </marc:datafield>
    <marc:datafield ind1=" " ind2=" " tag="594">
      <marc:subfield code="b">b</marc:subfield>
      <marc:subfield code="c">1</marc:subfield>
    </marc:datafield>
    <marc:datafield ind1=" " ind2=" " tag="594">
      <marc:subfield code="b">ob</marc:subfield>
      <marc:subfield code="c">2</marc:subfield>
    </marc:datafield>
    <marc:datafield ind1=" " ind2=" " tag="594">
      <marc:subfield code="b">cor</marc:subfield>
      <marc:subfield code="c">2</marc:subfield>
    </marc:datafield>
    <marc:datafield ind1=" " ind2=" " tag="594">
      <marc:subfield code="a">vl (2), vla, b, ob (2), cor (2)</marc:subfield>
    </marc:datafield>
    <marc:datafield ind1=" " ind2=" " tag="599">
      <marc:subfield code="b">full</marc:subfield>
    </marc:datafield>
    <marc:datafield ind1="0" ind2="7" tag="650">
      <marc:subfield code="a">Symphonies</marc:subfield>
      <marc:subfield code="0">25215</marc:subfield>
    </marc:datafield>
    <marc:datafield ind1=" " ind2=" " tag="852">
      <marc:subfield code="a">D-Bhm</marc:subfield>
      <marc:subfield code="c">RH 0655</marc:subfield>
      <marc:subfield code="d">XII</marc:subfield>
      <marc:subfield code="d">45</marc:subfield>
      <marc:subfield code="e">Universität der Künste Berlin, Universitätsbibliothek</marc:subfield>
      <marc:subfield code="x">30000659</marc:subfield>
    </marc:datafield>
  </marc:record>