
  <marc:record>
    <marc:leader>00000ndm a2200000 u 4500</marc:leader>
    <marc:controlfield tag="001">1001167059</marc:controlfield>
    <marc:controlfield tag="003">DE-633</marc:controlfield>
    <marc:controlfield tag="005">20221016190115.0</marc:controlfield>
    <marc:datafield ind1=" " ind2=" " tag="031">
      <marc:subfield code="a">1</marc:subfield>
      <marc:subfield code="b">1</marc:subfield>
      <marc:subfield code="c">1</marc:subfield>
      <marc:subfield code="t">Miserere</marc:subfield>
      <marc:subfield code="2">pe</marc:subfield>
    </marc:datafield>
    <marc:datafield ind1=" " ind2=" " tag="040">
      <marc:subfield code="a">DE-633</marc:subfield>
    </marc:datafield>
    <marc:datafield ind1="0" ind2=" " tag="041">
      <marc:subfield code="a">lat</marc:subfield>
    </marc:datafield>
    <marc:datafield ind1="1" ind2=" " tag="100">
      <marc:subfield code="a">Tůma, František Ignác</marc:subfield>
      <marc:subfield code="d">1704-1774</marc:subfield>
      <marc:subfield code="j">Ascertained</marc:subfield>
      <marc:subfield code="0">30003182</marc:subfield>
    </marc:datafield>
    <marc:datafield ind1="1" ind2="0" tag="240">
      <marc:subfield code="a">Miserere</marc:subfield>
      <marc:subfield code="m">V (4), vlc, b, org</marc:subfield>
      <marc:subfield code="r">c</marc:subfield>
      <marc:subfield code="0">3017562</marc:subfield>
    </marc:datafield>
    <marc:datafield ind1="1" ind2="0" tag="245">
      <marc:subfield code="a">[Miserere ... secundum ... a quattro voci in pieno.]</marc:subfield>
    </marc:datafield>
    <marc:datafield ind1=" " ind2=" " tag="300">
      <marc:subfield code="a">1 score: 91 p.</marc:subfield>
      <marc:subfield code="8">01</marc:subfield>
    </marc:datafield>
    <marc:datafield ind1=" " ind2=" " tag="500">
      <marc:subfield code="a">Provisorische Titelaufnahme nach einer Katalogkarte.</marc:subfield>
    </marc:datafield>
    <marc:datafield ind1=" " ind2=" " tag="593">
      <marc:subfield code="a">Manuscript copy</marc:subfield>
      <marc:subfield code="b">Notated music</marc:subfield>
      <marc:subfield code="8">01</marc:subfield>
    </marc:datafield>
    <marc:datafield ind1=" " ind2=" " tag="599">
      <marc:subfield code="b">full</marc:subfield>
    </marc:datafield>
    <marc:datafield ind1="0" ind2="7" tag="650">
      <marc:subfield code="a">Psalms</marc:subfield>
      <marc:subfield code="0">3000057</marc:subfield>
    </marc:datafield>
    <marc:datafield ind1="0" ind2="7" tag="650">
      <marc:subfield code="a">Sacred songs</marc:subfield>
      <marc:subfield code="0">25250</marc:subfield>
    </marc:datafield>
    <marc:datafield ind1="1" ind2=" " tag="700">
      <marc:subfield code="a">Schmid, Otto</marc:subfield>
      <marc:subfield code="d">1858-1931</marc:subfield>
      <marc:subfield code="0">151202</marc:subfield>
      <marc:subfield code="4">fmo</marc:subfield>
    </marc:datafield>
    <marc:datafield ind1=" " ind2=" " tag="852">
      <marc:subfield code="a">D-Dl</marc:subfield>
      <marc:subfield code="c">Mus.2968-D-506</marc:subfield>
      <marc:subfield code="e">Sächsische Landesbibliothek - Staats- und Universitätsbibliothek (SLUB)</marc:subfield>
      <marc:subfield code="x">30000042</marc:subfield>
    </marc:datafield>
    <marc:datafield ind1=" " ind2=" " tag="856">
      <marc:subfield code="u">http://digital.slub-dresden.de/id405724535-00000210/730</marc:subfield>
      <marc:subfield code="x">Other</marc:subfield>
      <marc:subfield code="z">Katalogkarte</marc:subfield>
    </marc:datafield>
    <marc:datafield ind1=" " ind2=" " tag="980">
      <marc:subfield code="a">RISM</marc:subfield>
      <marc:subfield code="b">brief</marc:subfield>
      <marc:subfield code="c">not_examined</marc:subfield>
    </marc:datafield>
  </marc:record>