
  <marc:record>
    <marc:leader>00000ndm a2200000 u 4500</marc:leader>
    <marc:controlfield tag="001">1001167099</marc:controlfield>
    <marc:controlfield tag="003">DE-633</marc:controlfield>
    <marc:controlfield tag="005">20231219090523.0</marc:controlfield>
    <marc:datafield ind1=" " ind2=" " tag="031">
      <marc:subfield code="a">1</marc:subfield>
      <marc:subfield code="b">1</marc:subfield>
      <marc:subfield code="c">1</marc:subfield>
      <marc:subfield code="d">Andante</marc:subfield>
      <marc:subfield code="g">G-2</marc:subfield>
      <marc:subfield code="m">vl 1</marc:subfield>
      <marc:subfield code="o">3/4</marc:subfield>
      <marc:subfield code="p">4--8-'''C/{C''B}4B8-B/{BA}4A8-A/{xGAEFCD}/'{A''F}'4.Bt8A/4A-</marc:subfield>
      <marc:subfield code="r">a</marc:subfield>
      <marc:subfield code="2">pe</marc:subfield>
    </marc:datafield>
    <marc:datafield ind1=" " ind2=" " tag="031">
      <marc:subfield code="a">1</marc:subfield>
      <marc:subfield code="b">2</marc:subfield>
      <marc:subfield code="c">1</marc:subfield>
      <marc:subfield code="d">Allegro</marc:subfield>
      <marc:subfield code="g">G-2</marc:subfield>
      <marc:subfield code="m">vl 1</marc:subfield>
      <marc:subfield code="o">2/4</marc:subfield>
      <marc:subfield code="p">''8A/'6{A''C'BA}{8B''E}/{C'A}-''E/{FEExD}/q8D4E8-</marc:subfield>
      <marc:subfield code="r">a</marc:subfield>
      <marc:subfield code="2">pe</marc:subfield>
    </marc:datafield>
    <marc:datafield ind1=" " ind2=" " tag="031">
      <marc:subfield code="a">1</marc:subfield>
      <marc:subfield code="b">3</marc:subfield>
      <marc:subfield code="c">1</marc:subfield>
      <marc:subfield code="d">Menuett</marc:subfield>
      <marc:subfield code="g">G-2</marc:subfield>
      <marc:subfield code="m">vl 1</marc:subfield>
      <marc:subfield code="o">3/4</marc:subfield>
      <marc:subfield code="p">''{8(CDE)}4D'G/FtE''G/{8(FGA)}4DCt/'BG</marc:subfield>
      <marc:subfield code="r">C</marc:subfield>
      <marc:subfield code="2">pe</marc:subfield>
    </marc:datafield>
    <marc:datafield ind1=" " ind2=" " tag="031">
      <marc:subfield code="a">1</marc:subfield>
      <marc:subfield code="b">4</marc:subfield>
      <marc:subfield code="c">1</marc:subfield>
      <marc:subfield code="d">Trio</marc:subfield>
      <marc:subfield code="g">G-2</marc:subfield>
      <marc:subfield code="m">vl 1</marc:subfield>
      <marc:subfield code="o">3/4</marc:subfield>
      <marc:subfield code="p">''4C--/'B--/''xC--/D--/</marc:subfield>
      <marc:subfield code="q">Am Ende Aufführungshinweis: "Menuett. D. Capo."</marc:subfield>
      <marc:subfield code="r">a</marc:subfield>
      <marc:subfield code="2">pe</marc:subfield>
    </marc:datafield>
    <marc:datafield ind1=" " ind2=" " tag="031">
      <marc:subfield code="a">1</marc:subfield>
      <marc:subfield code="b">5</marc:subfield>
      <marc:subfield code="c">1</marc:subfield>
      <marc:subfield code="d">Allegro</marc:subfield>
      <marc:subfield code="g">G-2</marc:subfield>
      <marc:subfield code="m">vl 1</marc:subfield>
      <marc:subfield code="o">2/4</marc:subfield>
      <marc:subfield code="p">''8A/'{A''C'B''D}/{C'A}-E/{A''C'B''D}/{C'A}4-/</marc:subfield>
      <marc:subfield code="r">a</marc:subfield>
      <marc:subfield code="2">pe</marc:subfield>
    </marc:datafield>
    <marc:datafield ind1=" " ind2=" " tag="040">
      <marc:subfield code="a">DE-633</marc:subfield>
    </marc:datafield>
    <marc:datafield ind1="1" ind2=" " tag="100">
      <marc:subfield code="a">Tůma, František Ignác</marc:subfield>
      <marc:subfield code="d">1704-1774</marc:subfield>
      <marc:subfield code="j">Ascertained</marc:subfield>
      <marc:subfield code="0">30003182</marc:subfield>
    </marc:datafield>
    <marc:datafield ind1="1" ind2="0" tag="240">
      <marc:subfield code="a">Partitas</marc:subfield>
      <marc:subfield code="m">vl (2), vlc</marc:subfield>
      <marc:subfield code="n">VogT 439/2</marc:subfield>
      <marc:subfield code="r">a</marc:subfield>
      <marc:subfield code="0">3900424</marc:subfield>
    </marc:datafield>
    <marc:datafield ind1="1" ind2="0" tag="245">
      <marc:subfield code="a">[p. 1, at head right, probably by Schmid:] Partita à 3. | Del Sigl. Tuma.</marc:subfield>
    </marc:datafield>
    <marc:datafield ind1=" " ind2=" " tag="260">
      <marc:subfield code="c">ca. 1890-1910</marc:subfield>
      <marc:subfield code="8">01</marc:subfield>
    </marc:datafield>
    <marc:datafield ind1=" " ind2=" " tag="300">
      <marc:subfield code="a">1 score: 16p.</marc:subfield>
      <marc:subfield code="c">36 x 27 cm</marc:subfield>
      <marc:subfield code="8">01</marc:subfield>
    </marc:datafield>
    <marc:datafield ind1=" " ind2=" " tag="500">
      <marc:subfield code="a">Gedrucktes Notenpapier; mit Bleistift paginiert; p.16 unbeschrieben.</marc:subfield>
      <marc:subfield code="8">01</marc:subfield>
    </marc:datafield>
    <marc:datafield ind1=" " ind2=" " tag="500">
      <marc:subfield code="a">Vorbesitzer-Stempel auf p.1:  "Mozart-Verein zu Dresden." (wie http://www.deutschefotothek.de/documents/obj/71544776 ).</marc:subfield>
    </marc:datafield>
    <marc:datafield ind1=" " ind2=" " tag="563">
      <marc:subfield code="a">Jüngerer Pappeinband</marc:subfield>
      <marc:subfield code="8">01</marc:subfield>
    </marc:datafield>
    <marc:datafield ind1=" " ind2=" " tag="593">
      <marc:subfield code="a">Manuscript copy</marc:subfield>
      <marc:subfield code="b">Notated music</marc:subfield>
      <marc:subfield code="8">01</marc:subfield>
    </marc:datafield>
    <marc:datafield ind1=" " ind2=" " tag="594">
      <marc:subfield code="b">vl</marc:subfield>
      <marc:subfield code="c">2</marc:subfield>
    </marc:datafield>
    <marc:datafield ind1=" " ind2=" " tag="594">
      <marc:subfield code="b">vlc</marc:subfield>
      <marc:subfield code="c">1</marc:subfield>
    </marc:datafield>
    <marc:datafield ind1=" " ind2=" " tag="594">
      <marc:subfield code="a">vl (2), vlc</marc:subfield>
    </marc:datafield>
    <marc:datafield ind1=" " ind2=" " tag="599">
      <marc:subfield code="b">full</marc:subfield>
    </marc:datafield>
    <marc:datafield ind1="0" ind2="7" tag="650">
      <marc:subfield code="a">Partitas</marc:subfield>
      <marc:subfield code="0">25199</marc:subfield>
    </marc:datafield>
    <marc:datafield ind1=" " ind2="7" tag="690">
      <marc:subfield code="a">VogT</marc:subfield>
      <marc:subfield code="n">439/2</marc:subfield>
      <marc:subfield code="0">303</marc:subfield>
    </marc:datafield>
    <marc:datafield ind1="1" ind2=" " tag="700">
      <marc:subfield code="a">Schmid, Otto</marc:subfield>
      <marc:subfield code="d">1858-1931</marc:subfield>
      <marc:subfield code="j">Conjectural</marc:subfield>
      <marc:subfield code="0">151202</marc:subfield>
      <marc:subfield code="4">fmo</marc:subfield>
    </marc:datafield>
    <marc:datafield ind1="2" ind2=" " tag="710">
      <marc:subfield code="a">Mozart-Verein</marc:subfield>
      <marc:subfield code="c">Dresden</marc:subfield>
      <marc:subfield code="0">30009618</marc:subfield>
      <marc:subfield code="4">fmo</marc:subfield>
    </marc:datafield>
    <marc:datafield ind1="2" ind2=" " tag="710">
      <marc:subfield code="a">Städtische Bibliotheken, Haupt- und Musikbibliothek</marc:subfield>
      <marc:subfield code="c">Dresden</marc:subfield>
      <marc:subfield code="g">Ascertained</marc:subfield>
      <marc:subfield code="0">30001102</marc:subfield>
      <marc:subfield code="4">fmo</marc:subfield>
    </marc:datafield>
    <marc:datafield ind1=" " ind2=" " tag="852">
      <marc:subfield code="a">D-Dl</marc:subfield>
      <marc:subfield code="c">Mus.2968-P-508</marc:subfield>
      <marc:subfield code="e">Sächsische Landesbibliothek - Staats- und Universitätsbibliothek (SLUB)</marc:subfield>
      <marc:subfield code="x">30000042</marc:subfield>
    </marc:datafield>
    <marc:datafield ind1=" " ind2=" " tag="856">
      <marc:subfield code="u">http://digital.slub-dresden.de/id181767191X</marc:subfield>
      <marc:subfield code="x">Digitized</marc:subfield>
      <marc:subfield code="z">Digitalisat der Notenhandschrift</marc:subfield>
    </marc:datafield>
    <marc:datafield ind1=" " ind2=" " tag="856">
      <marc:subfield code="u">https://iiif.slub-dresden.de/iiif/2/181767191/manifest.json</marc:subfield>
      <marc:subfield code="x">IIIF manifest (digitized source)</marc:subfield>
      <marc:subfield code="z">Digitalisat der Notenhandschrift</marc:subfield>
    </marc:datafield>
    <marc:datafield ind1=" " ind2=" " tag="980">
      <marc:subfield code="a">RISM</marc:subfield>
      <marc:subfield code="b">full</marc:subfield>
      <marc:subfield code="c">examined</marc:subfield>
    </marc:datafield>
  </marc:record>