
  <marc:record>
    <marc:leader>00000ndm a2200000 u 4500</marc:leader>
    <marc:controlfield tag="001">1001169626</marc:controlfield>
    <marc:controlfield tag="003">DE-633</marc:controlfield>
    <marc:controlfield tag="005">20230620221728.0</marc:controlfield>
    <marc:datafield ind1=" " ind2=" " tag="031">
      <marc:subfield code="a">1</marc:subfield>
      <marc:subfield code="b">1</marc:subfield>
      <marc:subfield code="c">1</marc:subfield>
      <marc:subfield code="d">Synphonia. Andante</marc:subfield>
      <marc:subfield code="g">G-2</marc:subfield>
      <marc:subfield code="m">vl 1</marc:subfield>
      <marc:subfield code="n">bBE</marc:subfield>
      <marc:subfield code="o">4/4</marc:subfield>
      <marc:subfield code="p">''{8.G6D}{6.D'3B6.B3G}{8.G6D}{6.D, 3B6.B3G}/8{G''B}'''(6{DC''B};3)'''(6{C''BA};3)8{B'B}''(6{DC'B};3)''(6{C'BA};3)</marc:subfield>
      <marc:subfield code="r">g</marc:subfield>
      <marc:subfield code="2">pe</marc:subfield>
    </marc:datafield>
    <marc:datafield ind1=" " ind2=" " tag="031">
      <marc:subfield code="a">1</marc:subfield>
      <marc:subfield code="b">2</marc:subfield>
      <marc:subfield code="c">1</marc:subfield>
      <marc:subfield code="d">Allegro</marc:subfield>
      <marc:subfield code="g">G-2</marc:subfield>
      <marc:subfield code="m">vl 2</marc:subfield>
      <marc:subfield code="n">bBE</marc:subfield>
      <marc:subfield code="o">4/4</marc:subfield>
      <marc:subfield code="p">'2G''E/'xF''D/'nE''C/'4DB2A/8{GBAG}4F</marc:subfield>
      <marc:subfield code="r">g</marc:subfield>
      <marc:subfield code="2">pe</marc:subfield>
    </marc:datafield>
    <marc:datafield ind1=" " ind2=" " tag="031">
      <marc:subfield code="a">1</marc:subfield>
      <marc:subfield code="b">3</marc:subfield>
      <marc:subfield code="c">1</marc:subfield>
      <marc:subfield code="d">Menuet</marc:subfield>
      <marc:subfield code="o">3/4</marc:subfield>
      <marc:subfield code="r">g</marc:subfield>
      <marc:subfield code="2">pe</marc:subfield>
    </marc:datafield>
    <marc:datafield ind1=" " ind2=" " tag="031">
      <marc:subfield code="a">1</marc:subfield>
      <marc:subfield code="b">4</marc:subfield>
      <marc:subfield code="c">1</marc:subfield>
      <marc:subfield code="d">Trio</marc:subfield>
      <marc:subfield code="o">3/4</marc:subfield>
      <marc:subfield code="r">g</marc:subfield>
      <marc:subfield code="2">pe</marc:subfield>
    </marc:datafield>
    <marc:datafield ind1=" " ind2=" " tag="031">
      <marc:subfield code="a">1</marc:subfield>
      <marc:subfield code="b">5</marc:subfield>
      <marc:subfield code="c">1</marc:subfield>
      <marc:subfield code="d">Experimens valedictionem. Adagio</marc:subfield>
      <marc:subfield code="o">3/8</marc:subfield>
      <marc:subfield code="r">g</marc:subfield>
      <marc:subfield code="2">pe</marc:subfield>
    </marc:datafield>
    <marc:datafield ind1=" " ind2=" " tag="035">
      <marc:subfield code="a">603006235</marc:subfield>
    </marc:datafield>
    <marc:datafield ind1=" " ind2=" " tag="040">
      <marc:subfield code="a">DE-633</marc:subfield>
    </marc:datafield>
    <marc:datafield ind1="1" ind2=" " tag="100">
      <marc:subfield code="a">Tůma, František Ignác</marc:subfield>
      <marc:subfield code="d">1704-1774</marc:subfield>
      <marc:subfield code="j">Conjectural</marc:subfield>
      <marc:subfield code="0">30003182</marc:subfield>
    </marc:datafield>
    <marc:datafield ind1="1" ind2="0" tag="240">
      <marc:subfield code="a">Sarabandes</marc:subfield>
      <marc:subfield code="m">vl (2), b</marc:subfield>
      <marc:subfield code="r">g</marc:subfield>
      <marc:subfield code="0">3905104</marc:subfield>
    </marc:datafield>
    <marc:datafield ind1="1" ind2="0" tag="245">
      <marc:subfield code="a">[b, p.1:] Sarrabanda. [!] │ à │ Violino Primo │ Violino 2.do │ Con │ Basso. │ Auth: Sign: │ Caldara.</marc:subfield>
    </marc:datafield>
    <marc:datafield ind1=" " ind2=" " tag="260">
      <marc:subfield code="c">1730-1768</marc:subfield>
      <marc:subfield code="8">01</marc:subfield>
    </marc:datafield>
    <marc:datafield ind1=" " ind2=" " tag="300">
      <marc:subfield code="a">3 parts</marc:subfield>
      <marc:subfield code="c">31,5 (32) x 20 (21) cm</marc:subfield>
      <marc:subfield code="8">01</marc:subfield>
    </marc:datafield>
    <marc:datafield ind1=" " ind2=" " tag="500">
      <marc:subfield code="a">vl 1, 2 von anderer Hand;</marc:subfield>
    </marc:datafield>
    <marc:datafield ind1=" " ind2=" " tag="500">
      <marc:subfield code="a">Zuschreibung zu Tůma auf Grund eines thematischen Katalogs der Esterhazy-Hofkapelle; Zuschreibung des 2. Satzes zu Werner auf Grund der Handschrift D-Bsa SA 3541 (7) (freundliche Mitteilung der Staats- und Stadtbibliothek Augsburg);</marc:subfield>
    </marc:datafield>
    <marc:datafield ind1=" " ind2=" " tag="500">
      <marc:subfield code="a">Diese Handschrift ist eine der 30 Lambacher Musikalien die 1941 ausgeliehen wurden an das Augsburger Stadtarchiv (später Staats- und Stadtbibliothek). 16 dieser Musikalien wurden 1955 vom Stadtarchiv erworben, von der eine Handschrift 1958 wieder ausgetauscht wurde (heute RISM ID 453012902 bis 09, 453012916 und 453012918 bis 24). 2021 kehrten die 14 übrigen Musikalien (darunter diese Handschrift) nach Lambach zurück.</marc:subfield>
    </marc:datafield>
    <marc:datafield ind1=" " ind2=" " tag="590">
      <marc:subfield code="a">vl 1, 2, b</marc:subfield>
      <marc:subfield code="8">01</marc:subfield>
    </marc:datafield>
    <marc:datafield ind1=" " ind2=" " tag="593">
      <marc:subfield code="a">Manuscript copy</marc:subfield>
      <marc:subfield code="b">Notated music</marc:subfield>
      <marc:subfield code="8">01</marc:subfield>
    </marc:datafield>
    <marc:datafield ind1=" " ind2=" " tag="594">
      <marc:subfield code="b">vl</marc:subfield>
      <marc:subfield code="c">2</marc:subfield>
    </marc:datafield>
    <marc:datafield ind1=" " ind2=" " tag="594">
      <marc:subfield code="b">b</marc:subfield>
      <marc:subfield code="c">1</marc:subfield>
    </marc:datafield>
    <marc:datafield ind1=" " ind2=" " tag="594">
      <marc:subfield code="a">vl (2), b</marc:subfield>
    </marc:datafield>
    <marc:datafield ind1=" " ind2=" " tag="599">
      <marc:subfield code="b">full</marc:subfield>
    </marc:datafield>
    <marc:datafield ind1="0" ind2="7" tag="650">
      <marc:subfield code="a">Sarabandes</marc:subfield>
      <marc:subfield code="0">25316</marc:subfield>
    </marc:datafield>
    <marc:datafield ind1="0" ind2="7" tag="650">
      <marc:subfield code="a">Partitas</marc:subfield>
      <marc:subfield code="0">25199</marc:subfield>
    </marc:datafield>
    <marc:datafield ind1="0" ind2="7" tag="650">
      <marc:subfield code="a">Trio sonatas</marc:subfield>
      <marc:subfield code="0">3901022</marc:subfield>
    </marc:datafield>
    <marc:datafield ind1="0" ind2="7" tag="650">
      <marc:subfield code="a">Symphonies</marc:subfield>
      <marc:subfield code="0">25215</marc:subfield>
    </marc:datafield>
    <marc:datafield ind1=" " ind2="7" tag="691">
      <marc:subfield code="a">ShermanL 2001</marc:subfield>
      <marc:subfield code="n">p.203 [260], no.1063</marc:subfield>
      <marc:subfield code="0">30025948</marc:subfield>
    </marc:datafield>
    <marc:datafield ind1=" " ind2="7" tag="691">
      <marc:subfield code="a">LangL 1978</marc:subfield>
      <marc:subfield code="n">deest</marc:subfield>
      <marc:subfield code="0">30025955</marc:subfield>
    </marc:datafield>
    <marc:datafield ind1=" " ind2="7" tag="691">
      <marc:subfield code="a">HarichI 1975</marc:subfield>
      <marc:subfield code="n">p.47</marc:subfield>
      <marc:subfield code="0">30026143</marc:subfield>
    </marc:datafield>
    <marc:datafield ind1="1" ind2=" " tag="700">
      <marc:subfield code="a">Caldara, Antonio</marc:subfield>
      <marc:subfield code="d">1670c-1736</marc:subfield>
      <marc:subfield code="j">Alleged</marc:subfield>
      <marc:subfield code="0">43516</marc:subfield>
      <marc:subfield code="4">cmp</marc:subfield>
    </marc:datafield>
    <marc:datafield ind1="1" ind2=" " tag="700">
      <marc:subfield code="a">Werner, Gregor Joseph</marc:subfield>
      <marc:subfield code="d">1693-1766</marc:subfield>
      <marc:subfield code="j">Conjectural</marc:subfield>
      <marc:subfield code="0">30003336</marc:subfield>
      <marc:subfield code="4">cmp</marc:subfield>
    </marc:datafield>
    <marc:datafield ind1=" " ind2=" " tag="852">
      <marc:subfield code="a">A-LA</marc:subfield>
      <marc:subfield code="c">273</marc:subfield>
      <marc:subfield code="d">No. 7</marc:subfield>
      <marc:subfield code="d">Nr. 23</marc:subfield>
      <marc:subfield code="d">M.G. II 278</marc:subfield>
      <marc:subfield code="d">4o Cod. mus. 85</marc:subfield>
      <marc:subfield code="e">Benediktinerstift Lambach, Musikarchiv</marc:subfield>
      <marc:subfield code="x">30000354</marc:subfield>
    </marc:datafield>
    <marc:datafield ind1=" " ind2=" " tag="980">
      <marc:subfield code="a">RISM</marc:subfield>
      <marc:subfield code="c">examined</marc:subfield>
    </marc:datafield>
  </marc:record>